2438 3924
108 165 149 228 14
506 166 575 220 SILI
592 165 727 220 ITALICI

107 327 396 413 Approperemus,'
419 329 473 392 ait.
508 328 591 391 ‘non
613 327 680 391 iam
703 327 765 391 tibi
787 331 920 410 pectora
942 329 1043 411 pubis

107 415 258 481 Sidoniae
282 417 435 482 fodienda
457 438 557 480 manu
579 415 722 479 tutantia
740 436 859 498 regem
1070 434 1124 485 336

106 503 178 570 Ηο3
192 505 306 591 iugulo
322 505 469 570 dextram
483 504 625 587 explora.
658 525 797 605 namque
812 504 890 568 haec
907 505 967 569 tibi
986 505 1126 591 ferrum,

107 592 143 659 Si
165 593 343 658 Poenum'
333 595 493 658 muasisse
516 614 625 677 paras,
646 614 705 674 per
727 593 853 657 uiscera
875 590 997 658 ferrum

105 681 190 748 Nost
176 686 228 746 tra
251 687 302 746 est
325 681 513 748 ducendum.
545 681 673 746 tardam
696 703 737 744 ne
761 702 876 766 apeme
900 686 1077 749 senectam.

105 769 275 854 Opponam
303 771 450 835 membra
478 774 575 854 atque
603 790 712 833 ensem
741 775 932 854 extorquere
959 776 1123 857 negatum

104 859 210 923 Morte
229 880 302 923 mea
321 858 477 943 eripiam?
514 859 680 924 Lacrimae
699 862 777 923 tunc
796 879 851 922 ore
869 859 1035 957 profusae,
1068 879 1123 928 300

104 947 149 1011 Et
172 967 293 1032 magna
317 968 467 1031 superum
492 969 568 1012 cura
591 946 771 1011 seruatus
761 968 911 1011 marma

105 1034 272 1119 Scipiadae
296 1035 436 1119 Peenno,
459 1057 519 1101 nec
542 1039 741 1101 tantumt
692 1034 763 1100 fata
786 1035 942 1100 dedemnt

102 1123 169 1187 th
155 1128 248 1188 terna
271 1124 386 1208 peragi
409 1124 532 1188 dextra.
563 1123 834 1208 pulcherrimus
824 1145 892 1187 rrae

102 1212 147 1276 Et
171 1211 287 1295 dignus
310 1212 381 1276 fieri
404 1233 536 1295 compos
561 1212 783 1278 memorabilis
807 1212 887 1295 ausi,

102 1300 225 1365 Amisit
248 1303 404 1385 quantam
427 1301 536 1384 posito
561 1301 729 1365 conamine
752 1300 891 1382 laudern,
1066 1319 1121 1368 366

103 1386 163 1452 Oui
187 1392 315 1453 tantum
338 1392 389 1453 est
410 1389 554 1454 uoluisse
578 1388 697 1453 decus?
721 1392 792 1452 tum
815 1388 948 1452 reddere
972 1411 1046 1455 sese

102 1477 274 1541 Festinant
297 1477 401 1562 epulis
424 1480 457 1542 et
480 1478 590 1541 tristia
611 1477 720 1541 fronte
740 1482 898 1560 serenant,
1111 1487 1114 1493 '

101 1564 213 1630 Donec
235 1566 324 1631 laeta
346 1566 454 1631 uimm
477 1566 577 1630 soluit
600 1565 750 1630 conuiuia
774 1586 916 1629 somnus.

146 1652 285 1719 Postera
308 1655 362 1719 lux
384 1654 600 1720 Phaethontis
625 1675 723 1738 equos
747 1652 893 1737 proferre
916 1656 1069 1741 parabat,

102 1741 171 1806 lam
195 1743 309 1827 rapido
334 1743 469 1808 summis
493 1764 588 1808 curru
612 1743 802 1825 splendente
826 1743 887 1807 sub
911 1743 1016 1828 undis,
1066 1763 1121 1812 370

101 1829 147 1894 Et
169 1830 307 1916 iuuenis,
329 1853 449 1916 magno
473 1835 647 1916 generatus
669 1830 869 1916 Hamilcare,
893 1831 989 1896 duras

101 1918 172 1983 Iam
196 1918 315 1985 dudum
340 1923 467 1984 exercet
490 1942 594 1985 curas.
628 1917 839 2006 Carthaginis
863 1941 953 1984 arces

103 2006 154 2071 Ire
177 2007 267 2073 ferox
290 2006 390 2093 Mago
415 2011 449 2071 et
470 2009 622 2092 patribus
645 2013 779 2091 portare
802 2008 892 2072 iubet
878 2011 932 2070 tur

101 2093 227 2160 Nuncia
250 2096 340 2161 facta
363 2095 462 2160 ducis.
495 2096 616 2197 praeda
639 2100 672 2159 et
696 2095 827 2179 captiua
848 2094 1003 2178 leguntur

101 2181 247 2268 Corpora
270 2184 487 2267 dereptaeque
509 2184 589 2247 uiris
613 2183 672 2247 sub
695 2181 802 2247 Marte
826 2187 960 2248 cruento
1065 2205 1120 2253 376

100 2271 257 2357 quuiae,
279 2271 379 2337 faust
354 2276 381 2336 t1
400 2271 527 2355 superis
550 2271 708 2342 libamina
731 2267 818 2336 belli.

101 2360 217 2425 Altera
240 2382 392 2425 curarum
416 2359 547 2443 Libycis
571 2359 749 2424 dimittitur
772 2361 839 2426 oris

99 2448 173 2513 Heu
195 2449 324 2531 Decius,
347 2447 457 2513 reduci
479 2450 547 2513 lent
549 2470 584 2512 as
609 2452 757 2513 samatus
781 2450 853 2513 ad
844 2471 919 2533 iras,

100 2537 145 2602 Ni
166 2558 289 2622 poenae
311 2537 461 2602 iuuenem
484 2537 637 2621 indignae
661 2537 833 2601 miseratus
856 2538 897 2602 ah
922 2538 990 2602 alto

100 2626 225 2709 Iupiter
247 2626 415 2710 antiquam
439 2623 532 2690 Batti
555 2625 708 2691 uertisset
731 2627 772 2690 ad
796 2626 919 2690 urbem.
1062 2645 1118 2695 330

98 2713 162 2779 Hic
185 2712 317 2780 Pellaea
340 2716 446 2779 uirum
470 2713 653 2780 Ptolomaei
677 2718 806 2799 sceptra
829 2715 1004 2779 uehentum

169 2967 221 3016 366
241 2961 313 3016 haec
331 2967 376 3013 031
394 2961 450 3029 Ep.
466 2966 518 3015 101
544 2959 599 3014 1133
617 2960 752 3014 Heinsius
814 2964 865 3014 367
880 2959 984 3014 ferrum
999 2964 1044 3011 0111
1060 2963 1079 3014 l.
1096 2965 1115 3017 i.

98 3037 151 3086 364
170 3047 284 3101 campos
304 3036 346 3084 07
419 3037 470 3085 366
488 3033 571 3085 tanta
588 3031 723 3085 Heinsius
737 3059 770 3069 -
784 3029 914 3101 reddere]
931 3029 1113 3085 3311313307

97 3101 231 3156 tenerer
327 3101 835 3171 363333103113710710313311311
932 3103 985 3154 370
1008 3102 1113 3170 rapido

98 3172 213 3226 summis
232 3180 276 3226 cm
294 3174 310 3227 l.
326 3175 344 3227 1.
371 3172 486 3243 rapidos
506 3171 632 3226 omnies
690 3178 742 3226 371
762 3172 801 3226 At
814 3171 950 3226 Heinsius
964 3201 998 3211 -
1013 3172 1113 3245 duras]

98 3241 197 3298 crudas
215 3244 285 3297 idem
349 3248 402 3297 374
421 3243 543 3297 Nuntius
562 3245 627 3297 3313
644 3242 728 3298 Blucc
795 3247 848 3297 376
867 3242 1056 3311 dereptaeque
1077 3251 1116 3298 ch

98 3314 270 3383 dereptaquc
290 3318 308 3365 0
395 3319 447 3369 377
466 3311 620 3368 dimittitur
638 3320 668 3382 3,
686 3320 718 3369 ut
736 3315 776 3370 ed.
795 3314 974 3368 1133701543
992 3319 1017 3367 et
1036 3319 1114 3371 coni.

97 3384 131 3441 L.
149 3384 255 3440 Miller
273 3382 431 3439 demittitur
448 3385 533 3453 uulpo
595 3389 648 3439 378
666 3385 769 3439 reduce
789 3389 831 3436 07
898 3388 950 3437 380
968 3383 1072 3438 bacchi
1092 3393 1112 3439 1.

97 3455 177 3511 bacci
194 3462 215 3508 r
241 3454 317 3509 butri
336 3461 378 3508 07
457 3460 509 3510 381
528 3453 642 3510 Pellaea
660 3455 780 3525 Ruperti
797 3455 879 3525 pelea
897 3458 940 3505 tv
967 3454 1071 3522 poelea
1090 3464 1113 3510 F

97 3525 190 3597 pellea
210 3532 228 3579 0
249 3558 280 3568 Ἀ
301 3526 457 3596 ptolomaei
475 3531 516 3579 011
544 3526 717 3594 ptholomaei
737 3531 779 3579 07
