2438 3924
96 169 116 232 8
491 169 559 224 SIIaI
577 168 711 224 ITALICI

102 330 242 397 Saeuum
266 335 363 417 atque
387 334 580 416 aequantem
603 331 685 395 ritus
709 330 910 396 Garamanta
931 331 1081 397 ferarum

100 420 295 486 Marmarico
318 441 441 505 ponam
462 419 605 484 tentoria
627 419 749 484 mixtus
773 419 927 484 alumno?

98 510 340 593 Ductoremque
363 508 481 593 feram,
504 509 555 574 cui
578 530 662 573 nunc
678 531 744 591 'pro
767 508 897 574 foedere
919 530 1047 593 proque

99 597 231 664 Iustitia
254 601 307 663 est
329 598 416 663 ensis
440 598 592 681 solaeque
616 618 633 660 e
657 597 814 682 sanguine
837 595 971 662 laudes?

101 686 177 752 Non
200 686 259 772 ita,
281 708 348 752 non
370 685 471 750 Decio
495 686 690 769 permixtum
712 685 827 769 fasque
849 684 1015 770 nefasque,
1066 703 1119 753 185

98 775 190 841 Haec
213 778 250 840 ut
272 775 358 840 uelle
381 777 486 857 queat.
518 774 610 839 nullo
633 795 693 838 nos
716 773 830 838 inuida
852 777 946 839 tanto

99 864 254 928 Armeuit
271 861 399 928 Natura
422 863 517 944 bonu,
541 884 639 946 quam
661 862 760 927 ianua
774 862 898 927 mortis

101 952 194 1027 Quod
216 955 309 1034 patet
331 955 365 1015 et
387 951 458 1016 uita
480 972 547 1015 non
570 973 673 1035 aequa
696 952 783 1016 exire
806 951 975 1035 potestas?

100 1037 192 1105 Haec
215 1062 300 1104 uana
323 1060 456 1104 auersas
479 1038 599 1104 Decius
622 1039 760 1104 iactauit
783 1039 824 1104 ad
847 1042 943 1104 auris.

145 1126 209 1192 Ast
232 1128 358 1193 delecta
381 1149 496 1192 manus
521 1128 679 1213 iungebat
700 1127 832 1192 foedera
854 1127 974 1193 Poeno.
1066 1147 1120 1197 199

102 1217 236 1301 Iamque
259 1215 372 1281 aderat
395 1217 573 1299 praemissa
593 1216 670 1281 2duci
693 1216 847 1280 turbante
870 1217 1015 1282 tumultu

102 1305 273 1371 Autololes
296 1326 470 1369 numerosa
493 1304 619 1369 cohors
650 1305 720 1389 ipse
744 1305 873 1389 agmine
897 1325 1018 1390 magno

100 1392 191 1458 Fest'
166 1396 272 1458 ttrnea
295 1393 378 1458 citus
399 1415 459 1476 per
482 1413 615 1493 campos
638 1393 733 1478 signa
755 1393 917 1457 mouebat.

102 1482 148 1547 Et
171 1480 305 1546 Decius:
330 1480 437 1547 ‘Nunc
460 1480 915 1566 hora,u1ri,nunctempus.
948 1482 1074 1568 adeste,

101 1571 189 1635 Dum
204 1567 316 1655 Capua
335 1569 479 1655 dignum,
498 1570 573 1634 dum
589 1592 640 1636 me
656 1570 735 1635 duce
754 1569 887 1634 dextera
906 1569 1024 1636 uindex
1066 1590 1120 1640 195

102 1658 239 1724 Molitur
262 1658 402 1742 facinus3
424 1660 618 1742 procumbat
604 1659 782 1723 tbarbara
804 1659 917 1744 pubes

102 1749 167 1814 Pro
187 1769 221 1812 se
245 1748 382 1833 quisque
407 1748 530 1813 alacres
553 1747 658 1831 rapite
680 1748 743 1812 hoc
761 1748 866 1813 decus.
898 1747 1005 1812 hostis
1024 1750 1135 1815 adire·

106 1836 140 1903 Si
162 1840 266 1922 parat,
290 1837 474 1901 obstructas
498 1838 652 1920 praebete
672 1836 832 1902 cadauere
855 1839 968 1920 portas

102 1925 148 1989 Et
170 1925 256 1989 ferro
280 1927 419 2008 purgate
442 1923 543 1989 nefas
575 1924 629 1989 hic
651 1925 789 2027 denique
813 1925 901 1989 solus

103 2013 231 2079 Eluerit
254 2012 386 2095 sanguis
412 2012 591 2077 maculatas
615 2013 750 2077 erimine
774 2010 921 2077 mentes?
1064 2032 1120 2082 auo

148 2099 299 2184 Dumque
322 2121 360 2163 ea
382 2100 596 2201 nequicquam
619 2121 685 2165 non
708 2100 767 2164 ulli
790 2100 877 2165 laeta
900 2100 1061 2188 profatur,
1156 2139 1159 2143 ·

105 2187 227 2253 Audita
193 2188 428 2271 tasperitate
451 2188 515 2251 uiri
531 2191 716 2270 coeptoque
739 2187 849 2271 feroci,

103 2276 210 2342 Multa
231 2276 299 2339 feta
323 2295 439 2376 gerens
463 2275 513 2341 ira
535 2275 733 2361 praecordia,
756 2275 882 2341 Poenus

105 2365 247 2430 Astabat
270 2363 371 2427 muris
395 2384 594 2448 propereque
617 2385 780 2429 accersere
798 2356 901 2430 lectos

104 2452 216 2520 Immit
217 2474 269 2518 em
292 2455 361 2516 caat
363 2451 408 2515 ris
435 2451 569 2517 Decium
591 2452 691 2517 iubet
723 2453 856 2518 horrida
875 2450 1002 2520 uirtus
1066 2475 1123 2525 aot

106 2543 341 2642 Armatumque
364 2538 426 2604 fide
448 2543 524 2624 pect
524 2563 562 2606 us
586 2541 730 2627 rectique
753 2541 869 2626 cupido

105 2632 151 2696 Et
136 2630 278 2695 tmaior
302 2625 415 2712 Capua
439 2650 531 2694 mena
552 2629 772 2732 imperterrita
796 2631 882 2696 mole

105 2719 234 2784 Inuicta
257 2717 369 2782 stabat
391 2719 551 2802 toruoque
571 2719 709 2784 minacia
732 2719 826 2783 uultu

104 2807 199 2872 Iussa
221 2805 311 2872 ducis
334 2804 508 2889 uerbisque
532 2807 632 2872 etiam
654 2806 837 2877 incessebat
854 2809 989 2874 amaris.

104 2950 318 2961 .,.-..--.---

179 3037 229 3087 181
248 3032 319 3087 ritus
337 3040 383 3087 cm
396 3034 453 3102 Ep.
468 3038 521 3088 101
541 3033 643 3088 rictum
662 3035 778 3089 Morsus
815 3039 866 3088 186
885 3051 936 3089 uos
951 3034 1069 3092 Mersus
1086 3069 1123 3081 -

105 3102 203 3158 uiuida
212 3103 362 3158 manaae
399 3109 450 3160 187
465 3103 550 3158 morti
559 3104 676 3175 Bentley
685 3103 785 3159 Mortis
799 3105 919 3173 Ruperti
966 3110 1042 3161 1880
1057 3109 1124 3165 uita

106 3173 220 3229 Murrus
293 3179 343 3230 189
363 3175 535 3230 aduersaslt
614 3181 664 3229 190
683 3175 891 3244 iungebat!
882 3195 911 3230 ru
913 3177 1039 3246 agebant
1057 3181 1123 3237 edd.

102 3246 248 3315 pleraeque
314 3249 363 3300 191
380 3246 516 3300 aderat!
539 3244 658 3300 aderant
676 3247 735 3302 edd.
751 3247 897 3316 pleraeque
962 3253 1013 3302 193
1031 3248 1123 3324 citus]

107 3317 184 3370 ortus
205 3319 248 3367 ov
344 3320 394 3370 196
413 3317 529 3372 alueum
549 3315 616 3371 dum
638 3318 710 3372 deest
727 3318 797 3372 tar
892 3323 943 3373 198
965 3317 1124 3387 prebete!

106 3385 215 3513 atur
233 3387 293 3441 a
308 3388 495 3514 irritu.
507 3389 567 3512 tt
578 3335 986 3542 ittaltfflwbolltlttl
996 3395 1126 3518 m

1065 3479 1084 3519 a

108 3530 157 3597 (cf.
176 3545 204 3584 u.
218 3533 267 3596 45)
339 3533 391 3584 208
409 3527 532 3584 minacia
550 3533 610 3581 ont
634 3528 811 3585 minanter
839 3530 950 3586 atracia
969 3535 1012 3583 ov
