2438 3924
286 185 291 192 ·
403 172 621 232 PUNIGORUM
639 174 750 251 urana
767 174 840 231 1111.
1056 178 1120 244 105

110 336 285 401 Marcellus
308 335 437 421 pubem,
459 337 608 401 lustratis
632 337 694 401 rite
717 337 878 421 maniplis.

110 421 330 489 Circumstant
353 424 476 489 alacres
500 425 595 509 signa
618 424 801 509 auditisque
824 426 977 490 tubarum

108 512 283 596 Respirant
305 513 383 577 laeti
407 512 624 597 clangoribus.
660 513 728 578 itur
751 515 785 577 in
808 513 951 600 hostem,

107 599 162 685 Et,
184 600 212 664 si
234 600 304 666 fata
325 601 442 685 ferant,
465 602 556 666 iuuat
579 601 665 666 inter
683 601 809 686 proelia
831 601 917 667 ferro

108 688 208 754 Posse
232 689 323 753 mori
361 689 484 754 socium
508 690 654 774 miseret,
677 690 734 774 qui
757 693 845 754 sorte
868 689 1016 773 pudenda
1066 709 1119 758 630

108 775 148 840 In
171 798 294 842 morem
317 777 473 861 pecudum
500 778 639 843 effudere
662 777 823 843 cubilibus
847 778 926 842 atris

107 864 305 930 Illaudatam
329 865 480 930 animam.
516 867 659 933 tumulos
682 866 902 951 inhonoraque
926 866 1023 930 busta

107 952 299 1037 Respiciunt
321 958 353 1018 et
376 954 429 1018 uel
452 954 541 1019 nullo
565 954 703 1019 iacuisse
727 955 882 1037 sepulcro,

108 1041 213 1117 Quam
236 1041 395 1107 debellari
418 1041 551 1125 morbis,
574 1045 690 1126 placet.
728 1043 829 1107 ardua
850 1043 974 1125 primus

106 1130 157 1193 Ad
181 1151 290 1195 muros
315 1131 379 1195 dux
402 1130 496 1215 signa
519 1130 614 1215 rapit.
650 1133 785 1196 tenuata
807 1131 940 1196 iacendo
1066 1148 1118 1198 636

105 1217 151 1281 Et
174 1219 277 1283 macie
299 1219 333 1282 in
357 1219 460 1304 galeis
484 1218 689 1284 abscondunt
713 1241 778 1302 ora,
801 1220 978 1304 malusque,

105 1305 157 1371 Ne
182 1307 226 1370 sit
249 1328 323 1389 spes
346 1306 445 1391 hosti,
468 1308 596 1372 uelatur
621 1307 746 1372 casside
768 1307 882 1390 pallor.

105 1393 286 1458 Infundunt
309 1394 458 1478 rapidum
482 1395 646 1460 conuulsis
670 1395 838 1460 moenibus
861 1416 979 1480 agmen

109 1480 334 1566 (londensique
357 1487 469 1547 ruunt:
493 1486 545 1548 tot
567 1483 663 1548 bellis
686 1483 775 1548 inuia
797 1486 884 1548 tecta

103 1568 231 1654 Totque
253 1592 318 1636 uno
340 1570 479 1636 introitu
502 1571 676 1656 cupiuntur
698 1571 812 1635 militis
836 1591 936 1635 arces.
1064 1588 1117 1638 640

148 1657 277 1742 Totum,
300 1681 364 1742 qua
386 1660 517 1723 uehitur
540 1659 647 1739 Titan,
668 1680 736 1723 non
758 1659 826 1722 ulla
848 1679 907 1741 per
929 1660 1041 1723 orbem

104 1745 186 1810 Tum
210 1767 280 1811 sese
302 1745 489 1811 Isthmiacis
514 1752 706 1831 aequassent
728 1745 848 1829 oppida
870 1746 975 1810 tectis.

106 1833 171 1898 Tot
195 1833 330 1898 delubra
352 1835 447 1899 deum
471 1839 585 1918 totque
607 1835 693 1899 intra
717 1834 845 1898 moenia
868 1839 991 1918 portus,

103 1920 198 1985 Adde
220 1921 294 1986 fora
317 1926 350 1986 et
372 1922 468 1986 celsis
492 1926 647 2008 suggesta
668 1922 798 1986 theatra
821 1921 979 1986 columnis

106 2007 333 2094 Certantisque
356 2013 440 2075 mari
463 2012 575 2095 moles,
599 2011 678 2074 adde
703 2011 813 2076 ordine
836 2010 935 2095 longo
1063 2029 1115 2079 646

103 2096 294 2163 Innumeras
318 2099 489 2183 spatioque
513 2100 636 2182 domos,
660 2120 800 2184 aequare
824 2099 981 2181 superbas

105 2184 203 2250 Rura.
240 2185 326 2272 quid,
349 2187 492 2253 inclusos
515 2192 664 2272 porrecto
688 2187 793 2252 limite
815 2187 924 2269 longis

104 2272 287 2340 Porticibus
310 2298 419 2341 sacros
442 2276 596 2341 iuuenum
619 2278 794 2341 certamine
817 2274 929 2340 lucos?

106 2359 190 2437 Quid
212 2366 264 2428 tot
289 2365 426 2449 captiuis
450 2364 611 2449 fulgentia
634 2363 776 2429 culmina
798 2363 937 2428 rostris?

104 2448 268 2534 Armaque
290 2452 354 2516 fixa
378 2452 467 2517 deis?
491 2456 548 2517 aut
572 2475 654 2537 quae
673 2452 898 2517 Marathonius
919 2451 1024 2517 hostis
1062 2470 1114 2519 650

103 2536 258 2622 Perdidit,
281 2545 338 2605 aut
360 2539 465 2626 Libya
489 2562 570 2626 quae
595 2543 671 2605 sunt
695 2541 830 2606 aduecta
855 2542 1013 2606 subacta?

103 2624 167 2690 Hic
189 2626 403 2710 Agathocleis
427 2630 518 2694 sedes
543 2633 659 2694 ornata
681 2628 861 2713 trophaeis,

103 2713 167 2779 Hic
190 2715 286 2781 mites
308 2715 462 2782 Hieronis
487 2740 577 2802 opes,
600 2719 654 2783 hic
678 2722 789 2782 sancta
812 2722 958 2782 uetustas

175 2895 228 2944 627
246 2889 407 2958 auditisque
425 2896 466 2943 1AE
488 2890 635 2958 auidisque
656 2896 698 2942 (Ν
772 2895 822 2943 628
842 2890 898 2943 itur
917 2888 958 2958 in]
977 2887 1017 2942 ire
1038 2891 1113 2942 etin

101 2960 147 3014 uel
164 2958 205 3013 ire
222 2977 274 3030 per
291 2959 427 3016 Heinsius
497 2968 548 3016 629
568 2962 660 3016 ferant
679 2966 722 3012 ov
741 2961 833 3014 ferunt
852 2966 892 3010 Π
967 2965 1017 3011 630
1038 2964 1112 3013 sorte

103 3036 147 3083 cm
168 3030 223 3100 Ep.
248 3037 285 3086 90
310 3037 326 3084 Β
357 3032 448 3086 morta
475 3034 559 3103 uulgo
667 3036 719 3086 634
737 3030 843 3099 primus
871 3036 890 3081 Ι.
923 3029 1020 3096 primis
1049 3037 1112 3081 Fov

103 3107 155 3155 636
173 3101 264 3157 macie
284 3102 354 3172 ing.
374 3103 466 3158 Basilo
492 3103 611 3156 maciem
630 3120 656 3171 g.
678 3108 694 3153 s
721 3101 809 3155 macie
829 3118 855 3168 g.
877 3102 992 3153 Marsus
1011 3102 1113 3168 aliique

102 3176 153 3227 637
177 3173 300 3227 uallatur
322 3179 364 3226 ov
392 3173 500 3230 celatur
519 3174 653 3227 Heinsius
761 3176 811 3225 640
837 3171 945 3238 Totque
964 3172 1112 3225 Liuineius

102 3241 158 3296 Tot
181 3249 197 3295 8
219 3274 256 3284 -
278 3261 335 3298 una
357 3246 493 3300 Heinsius
608 3249 658 3296 642
683 3242 838 3296 isthimacis
862 3249 880 3292 L
913 3241 1068 3296 histimucis
1091 3250 1112 3294 1³

99 3313 265 3369 iathumacis
289 3319 332 3367 ov
361 3317 408 3381 (cf.
430 3333 458 3370 u.
481 3320 513 3370 51
538 3322 563 3371 et
586 3319 652 3381 341)
785 3319 835 3366 647
863 3313 949 3382 Rura]
978 3313 1066 3367 Ricea
1091 3320 1112 3364 r

102 3388 154 3437 648
173 3400 273 3453 sacros,
291 3385 424 3438 iuuenum
443 3387 605 3454 certamina,
624 3385 702 3439 lucos
722 3383 842 3452 Ruperti
923 3389 974 3436 649
995 3384 1069 3449 Quid
1088 3389 1110 3434 V

103 3452 158 3518 Qui
174 3459 235 3507 1AE⁰
345 3461 396 3510 652
417 3455 509 3526 sedes]
530 3458 613 3510 aedes
632 3457 766 3510 Heinsius
875 3461 925 3509 663
949 3457 1032 3509 mites
1052 3461 1112 3507 chs

101 3524 178 3578 mitis
194 3525 280 3595 uulgo
298 3555 332 3566 -
351 3525 417 3579 hinc
436 3532 452 3578 Β
471 3557 505 3567 -
524 3529 637 3581 uetusta
656 3531 698 3577 ov
