2438 3924
136 175 181 241 66
539 176 609 231 SILI
627 175 760 231 ITALIGI

140 337 306 424 Sanguine
328 359 395 404 non
417 340 516 420 tacto,
539 339 654 404 solitas
678 338 840 403 effundere
863 337 980 403 uoces'

139 427 268 511 Aspicit
291 431 324 492 et
347 427 456 493 subito
479 428 630 492 turbatus
654 424 763 510 Scipio
785 426 872 509 uisu3

137 515 296 593 ‘Quinam
318 519 362 600 te,
385 518 442 601 qui
464 515 578 599 casus,'
602 515 657 598 ait,
680 514 757 580 ‘dux
780 516 929 599 maxime,
952 515 1059 581 fessae
1097 532 1152 581 455

137 605 270 690 Eripuit
291 605 427 690 patriae,
450 626 523 669 cum
545 603 623 668 talis
641 603 774 668 horrida
796 607 935 689 poscant

136 692 232 759 Bella
254 693 365 759 uiros?
387 715 447 758 5555
470 693 556 757 enim
578 692 691 757 dextra
714 693 910 758 concesserit
929 693 989 757 ulli

136 781 276 868 Appius,
300 786 356 847 aut
379 785 461 846 5555.
498 780 659 845 decimum
681 782 737 846 lux
759 782 888 846 rettulit
911 785 1029 865 ortum,

136 871 185 936 Ut
207 874 250 954 te,
273 893 347 935 oum
370 868 481 954 Capua
502 890 689 955 remearem,
711 870 845 934 uulnera
868 870 936 934 uidi

136 958 344 1039 Mulcentem,
361 958 424 1022 hoc
437 979 503 1023 uno
518 961 688 1042 maestum,
701 958 788 1042 quod
803 959 891 1024 adire
904 957 1056 1042 nequires
1095 975 1150 1024 455

138 1045 273 1112 Saucius
297 1047 337 1111 ad
361 1067 471 1110 muros
495 1049 527 1110 et
550 1045 668 1111 Martis
692 1046 815 1112 honore
839 1045 984 1141 careres?

182 1133 305 1201 Contra
333 1156 415 1218 quae
443 1134 570 1200 ductor:
598 1133 714 1200 ‘Fesso
737 1135 818 1199 mihi
840 1137 991 1219 proxima
1013 1136 1148 1201 tandem

135 1223 208 1289 Lux
231 1227 343 1308 gratos
366 1222 581 1288 Phaethontis
605 1245 706 1307 equos
729 1224 850 1289 auertit
873 1228 907 1289 et
929 1224 1009 1289 atris

135 1308 315 1378 Aeternum
339 1311 470 1376 demisit
492 1311 595 1396 aquis.
632 1313 688 1376 sed
711 1312 801 1377 lenta
823 1334 977 1398 meorum,

136 1400 224 1466 Dum
247 1422 351 1465 uanos
374 1400 457 1464 ritus
481 1421 560 1465 eura
582 1405 615 1465 et
638 1401 811 1498 sollemnia
833 1402 925 1486 uulgi
1094 1416 1149 1467 460

135 1489 325 1574 Exequitur,
348 1492 455 1553 cessat
476 1489 618 1554 flammis
641 1489 809 1574 imponere
832 1511 959 1574 corpus,

135 1579 184 1644 Ut
205 1580 316 1662 portet
337 1577 472 1642 tumulis
495 1578 711 1662 perlongum
734 1579 881 1643 membra
903 1578 1058 1662 paternis.

137 1667 231 1744 Quod
253 1670 286 1732 te
308 1688 366 1750 per
388 1666 493 1731 nostri
514 1666 631 1731 Martis
652 1687 767 1750 precor
790 1667 917 1731 aemula
939 1666 1036 1751 facta,

137 1755 232 1841 Arce,
254 1776 337 1840 quae
358 1755 465 1839 putris
484 1759 575 1819 artus
598 1755 812 1820 medicamina
835 1758 977 1840 seruant,

136 1843 252 1928 Daque
266 1865 352 1929 uago
365 1847 478 1927 portas
493 1843 732 1928 quamprimum
745 1843 943 1909 Acherontis
957 1840 1067 1907 adira'
1095 1857 1151 1907 465

182 1932 272 1997 Tunc
294 1931 436 1998 iuuenis:
468 1929 572 1996 ‘Gens
597 1953 616 1996 o
643 1933 763 1996 ueteris
785 1931 1003 2017 pulcherrima
1027 1930 1151 2016 Clausi,

136 2019 235 2085 Haud
256 2020 325 2083 ulla
347 2023 423 2084 ante
446 2022 547 2103 tuam,
570 2040 765 2104 quamquam
789 2042 857 2086 non
874 2042 978 2104 parua
998 2020 1151 2105 fatigent,

137 2106 296 2173 (luterum
318 2106 408 2191 prior
431 2106 586 2172 extiterit.
622 2129 761 2192 namque
778 2107 848 2172 *ista
871 2130 929 2192 per
952 2108 1058 2173 omnis

136 2195 321 2261 Discrimen
345 2199 455 2259 seruat
476 2195 613 2279 populos
637 2196 807 2278 uariatque
830 2197 991 2260 iacentum

136 2283 301 2368 Exequias
324 2283 443 2348 tumuli
467 2285 500 2347 et
522 2283 666 2348 cinerum
689 2284 855 2348 sententia
872 2284 1005 2349 discors.
1095 2301 1151 2351 470

137 2373 267 2438 Tellure
283 2407 325 2418 -
339 2374 377 2435 ut
397 2371 580 2456 perhibent,
601 2371 630 2436 is
654 2393 726 2437 mos
749 2371 905 2455 antiquus
920 2409 962 2420 —
976 2372 1101 2438 Hibera

136 2461 297 2526 Exanima
316 2459 502 2525 obscoenus
518 2461 680 2526 consumit
701 2480 839 2543 corpora
862 2462 983 2526 uultur.

137 2550 244 2636 Regia
267 2570 339 2614 cum
362 2548 468 2613 lucem
490 2552 669 2632 posuerunt
691 2549 847 2633 membra,
869 2552 1045 2634 probatum
1069 2554 1121 2615 est

135 2637 298 2724 Hyrcanis
322 2636 476 2703 adhibere
498 2658 603 2702 canes.
640 2639 808 2723 Aegyptia
829 2639 929 2702 tellus

138 2726 270 2793 Claudit
294 2725 428 2791 odorato
451 2728 528 2812 post
550 2725 648 2791 funus
671 2726 796 2792 stantia
819 2747 897 2792 saxo
1094 2743 1150 2792 475

136 2841 350 2866 ,.-..-.....

208 2908 261 2957 450
280 2901 342 2969 quis
360 2906 381 2952 F
475 2905 528 2955 469
547 2898 656 2955 dimisit
673 2906 709 2954 cd
721 2901 767 2967 (T.
778 2916 809 2970 p.
822 2903 892 2970 215)
978 2904 1033 2954 464
1049 2901 1148 2969 putres

137 2973 316 3042 Dauoqueiua
333 2977 358 3026 ct
376 2972 511 3026 Heinsius
533 2971 624 3040 patris
639 2975 697 3024 (7155
715 2973 761 3096 gf.
776 2972 840 3026 III.
856 2975 924 3040 643)
945 2970 1045 3041 patriis
1063 2973 1152 3039 55795

135 3043 246 3100 Phariis
263 3043 355 3098 Barth
446 3047 499 3097 466
517 3040 590 3096 Tum
609 3046 652 3095 ov
665 3072 700 3083 -
737 3041 811 3096 lausi
830 3042 945 3098 Marsas
972 3041 1066 3096 claudi
1083 3047 1148 3095 LEO

136 3114 222 3169 dandi
240 3119 263 3167 V
352 3118 404 3167 467
423 3112 513 3182 tuam]
532 3111 603 3166 mihi
620 3112 665 3168 uel
683 3113 808 3168 animum
827 3116 947 3180 (mutatu
959 3113 1149 3181 distinetione)

137 3185 272 3241 Haedus
289 3182 333 3238 tui
350 3185 424 3238 155555
448 3183 559 3250 Withof
647 3189 709 3238 468.
728 3189 781 3239 469
800 3199 865 3238 nam
883 3182 959 3238 iusta
977 3212 1011 3224 -
1030 3186 1148 3238 seruant

136 3256 285 3310 Liuineius
355 3259 407 3309 471
426 3255 467 3310 sic
483 3255 614 3309 distinxit
633 3254 743 3320 Withof
757 3254 868 3308 Tellure
886 3256 931 3325 (ut
947 3253 1106 3324 perhibent)
1122 3255 1147 3308 is

136 3343 174 3380 m.
189 3343 213 3381 a
228 3325 334 3380 Hibera
347 3327 433 3395 culpo
468 3330 521 3379 4⁷2
534 3325 672 3380 Exanima
685 3329 730 3377 BV
747 3324 886 3381 Examina
898 3330 939 3378 50
975 3331 1029 3380 474
1042 3325 1152 3393 Hyrea-

136 3413 189 3452 nus
203 3402 222 3450 0
243 3396 389 3466 Hyrcanas
406 3402 429 3450 7
465 3400 518 3451 475
533 3396 651 3452 adorato
662 3426 695 3437 -
705 3411 771 3451 saxo
784 3395 873 3451 Bothe
889 3397 1026 3451 honorato
1034 3411 1149 3450 -saxo

136 3469 181 3524 uel
199 3466 303 3524 Condit
316 3468 433 3524 odorato
448 3498 482 3508 -
497 3483 579 3523 succo
590 3467 727 3524 Scluodcr
745 3466 863 3524 odorato
876 3498 911 3509 —
925 3470 992 3523 taxo
1005 3467 1043 3521 D.
1058 3466 1153 3522 Heiu-

136 3541 197 3598 aius
222 3540 266 3594 od.
285 3555 375 3609 gypso
393 3540 438 3594 uel
456 3539 575 3595 odorata
588 3554 724 3609 -capsa
742 3538 891 3596 Bumano
