2438 3924
41 250 45 256 .
148 170 193 236 94
550 171 618 228 sur
636 170 772 228 munior

149 332 261 400 Uncae
285 336 352 400 tela
375 357 504 420 manus3
527 358 565 400 ea
588 336 675 400 celso
699 357 738 398 ex
762 355 881 419 aggere
905 335 991 400 muri

149 421 311 488 Bellantis
335 425 426 488 curui
449 425 598 507 rapiebat
621 423 655 486 in
678 445 756 488 aera
779 423 859 487 ferri

150 510 324 596 Unguibus
348 516 381 576 et
404 512 721 577 mediamreuocata
742 511 870 576 ferebat
892 512 926 575 in
950 512 1076 578 urbem.

149 599 218 665 Neo
242 601 328 665 solos
351 602 402 665 uis
426 601 485 665 illa
506 601 606 683 uiros,
630 600 708 684 quin
732 622 828 684 saepe
852 601 1018 668 triremem
1109 620 1165 668 305

148 685 332 772 Belligerae
354 711 491 772 rapuere
514 690 633 770 trabes,
657 710 729 752 cum
753 689 890 771 desuper
914 692 1023 753 actum

148 775 336 841 Incuterent
359 778 460 862 puppi
483 777 655 861 chalybem
679 798 871 860 morsusque
893 777 1028 842 tenacis.

150 864 224 949 Qui,
247 867 342 929 simul
366 865 462 930 affixo
486 865 593 930 uicina
616 865 650 927 in
672 865 792 929 robora
813 864 901 928 ferro

150 951 356 1017 sustulerant
380 954 517 1018 sublime
539 958 657 1035 ratem,
685 953 872 1017 miserabile
894 952 977 1039 uisu,

147 1039 210 1104 Per
233 1042 378 1106 subitum
401 1063 513 1107 rursus
537 1041 653 1106 laxatis
678 1046 746 1105 arte
770 1041 892 1106 catenis
1109 1061 1166 1110 330

149 1129 257 1193 Tanta
279 1130 491 1214 praecipitem
514 1129 692 1194 reddebant
715 1130 801 1194 mole
823 1129 996 1214 profundo,

148 1215 196 1282 Ut
218 1220 323 1282 totam
346 1218 516 1282 haurirent
539 1219 644 1282 undae
667 1240 741 1282 cum
764 1217 870 1281 milite
893 1239 1044 1301 puppem.

149 1303 212 1369 His
232 1327 330 1390 super
351 1306 478 1371 insidiis
503 1311 644 1391 angusta
666 1306 828 1371 foramina
851 1327 963 1369 murus

147 1391 229 1457 Arte
253 1398 369 1459 cauata
392 1395 500 1478 dabat,
522 1417 580 1479 per
604 1417 685 1479 quae
709 1394 791 1459 clam
814 1393 949 1458 fundere
972 1396 1039 1459 tela

147 1481 268 1546 Tutum
292 1488 371 1565 erat,
394 1485 545 1567 opposito
569 1482 775 1548 mittentibus
800 1502 918 1566 aggere
941 1483 1029 1547 ualli.
1108 1501 1163 1550 335

132 1568 226 1637 Nee·
240 1571 308 1635 sine
331 1571 444 1636 fraude
467 1573 570 1657 labos,
594 1576 667 1636 arta
688 1593 729 1634 ne
752 1593 864 1635 rursus
886 1571 999 1635 eodem

148 1657 278 1742 Spicula
302 1660 342 1724 ab
366 1660 461 1725 hoste
483 1662 538 1725 uia
561 1661 686 1726 uicibus
710 1662 860 1724 contorta
883 1658 1035 1724 redirent.

148 1745 321 1812 Calliditas
341 1747 441 1813 Graia
465 1754 560 1834 atque
584 1752 675 1813 astus
698 1747 875 1831 pollentior
899 1748 998 1812 armis

145 1834 336 1901 Marcellum
360 1841 532 1921 tantasque
556 1837 661 1900 minas
684 1841 836 1919 terraque
860 1836 1006 1919 marique

147 1923 303 2006 Arcebat;
327 1926 501 2009 stabatque
524 1926 638 2010 ingens
663 1925 703 1988 ad
726 1924 856 1999 moenia
879 1924 1009 1988 bellum.
1106 1940 1161 1992 340

190 2010 251 2077 Uir
273 2011 336 2077 fuit
359 2013 547 2078 Isthmiacis
570 2013 666 2078 decus
689 2012 875 2076 immortale
899 2012 1032 2097 colonis,

148 2098 285 2184 Ingenio
309 2101 403 2165 facile
423 2106 498 2165 ante
523 2101 604 2166 alios
628 2101 754 2165 telluris
778 2101 934 2178 alumnos,

150 2186 266 2252 Nudus
289 2209 397 2272 opum,
421 2189 477 2253 sed
501 2191 553 2254 oui
575 2189 700 2255 caelum
722 2193 894 2273 terraeque
916 2191 1078 2273 paterent.

144 2275 214 2359 Ille,
236 2296 340 2340 nouus
359 2277 489 2360 pluuias
512 2278 610 2342 Titan
632 2282 670 2342 ut
692 2277 844 2360 proderet
868 2281 943 2341 ortu

145 2363 293 2428 Fusoatis
316 2363 422 2429 tristis
446 2366 560 2450 radiis;
582 2366 649 2450 ille,
671 2366 805 2430 haereat
829 2386 911 2429 anne
1106 2383 1161 2432 345

144 2450 290 2515 Pendeat
311 2452 474 2518 instabilis
498 2454 611 2540 tellus;
634 2476 691 2519 cur
712 2452 842 2518 foedere
866 2456 954 2518 certo

144 2539 241 2604 Hunc
264 2539 368 2605 affusa
391 2542 525 2626 globum
548 2542 672 2626 Tethys
695 2541 899 2625 circumliget
921 2540 1026 2626 undis,

144 2626 292 2693 Nouerat
312 2632 409 2714 atque
431 2653 496 2695 una
518 2631 628 2716 pelagi
651 2632 811 2713 lunaeque
834 2630 973 2714 labores,

144 2716 189 2781 Et
210 2720 306 2802 pater
329 2716 475 2783 Oceanus
499 2741 564 2803 qua
587 2719 659 2804 lege
682 2718 862 2783 effunderet
880 2720 999 2782 aestus.

145 2804 223 2870 Nou
245 2806 339 2870 illum
358 2807 470 2871 mundi
492 2829 680 2872 numerasse
703 2806 832 2891 capacis
855 2806 993 2871 harenas
1105 2824 1160 2875 350

143 2947 356 2957 ——·-—

215 3039 267 3088 325
285 3035 345 3089 ulla
363 3039 400 3086 ch
422 3064 456 3074 -
476 3032 744 3103 saepetrirememr
772 3032 965 3102 septriremem
988 3038 1008 3084 1.
1037 3034 1157 3103 septire·

143 3121 217 3159 mem
236 3109 279 3157 ov
333 3110 386 3160 330
405 3103 551 3174 Teligerae
569 3104 615 3159 nel
631 3102 804 3172 Belligeram
822 3103 960 3159 Schrader
1009 3107 1061 3159 327
1082 3122 1157 3160 mor-

144 3191 246 3242 susque
264 3176 357 3230 tenaci
375 3180 412 3228 ch
483 3180 535 3230 333
554 3173 808 3246 undae]nuda012
871 3179 925 3229 334
944 3171 1018 3227 clam
1035 3173 1157 3231 fundere

141 3245 292 3300 Burmann
315 3247 361 3314 (cf.
376 3246 439 3300 Lir.
455 3245 574 3301 XXIV.
588 3249 632 3300 34.
647 3249 678 3314 9)
700 3261 765 3299 cum
787 3244 903 3299 fundere
927 3249 1010 3297 0er
1038 3245 1160 3302 confun-

143 3317 209 3370 dere
227 3320 271 3368 03
343 3321 395 3372 335
413 3317 544 3385 apposito
563 3321 606 3369 ov
664 3320 717 3371 336
735 3314 806 3386 Nec]
826 3317 933 3370 Tums
993 3319 1043 3369 341
1064 3315 1157 3372 isthu-

142 3387 262 3442 0000101.
280 3385 468 3441 histimaoisr
485 3385 678 3442 istomachiso
697 3384 860 3442 isthumatia
869 3391 892 3438 V
904 3386 953 3453 (ef.
963 3403 991 3440 n.
1004 3390 1037 3440 51
1048 3391 1074 3441 et
1085 3393 1157 3458 642)

143 3464 195 3512 342
214 3457 293 3512 facili
311 3459 399 3513 Bothe
470 3462 522 3511 343
542 3458 639 3530 opum]
659 3455 781 3527 apionL
860 3462 912 3511 340
931 3456 1016 3527 anne]
1035 3466 1157 3513 amnes

34 3524 36 3531 ’
143 3534 195 3583 347
214 3527 308 3598 undis]
329 3527 404 3582 ulnis
422 3528 558 3585 Heinsius
630 3534 681 3584 349
699 3527 862 3583 refunderet
879 3528 1016 3582 Heinsius
