2438 3924
162 148 226 212 122
559 145 629 201 SILI
646 143 780 200 ITALICI

207 309 301 374 Talia
324 309 358 373 in
381 307 534 374 Ausonia.
572 307 717 373 sednon
740 308 872 373 attalia
896 307 1032 375 Hiberis

160 400 335 463 Armorum
358 401 493 462 euentus
517 395 650 480 campis.
687 395 896 482 Carthaginis
920 419 1034 463 omnes
1127 416 1177 466 400

159 486 221 551 Per
245 487 390 551 subitum
412 491 526 570 raptae
550 485 664 570 pernix
686 484 825 550 uictoria
848 485 915 550 late

159 575 335 641 Terruerat
357 579 478 660 gentes.
516 574 650 639 ducibus
674 594 747 657 spes
771 595 837 639 una
859 573 986 653 salutis,

161 661 195 728 si
220 664 327 729 socias
350 664 488 748 iungant
510 662 606 727 uires.
642 662 830 748 ingentibus
855 684 966 728 orsum

161 752 325 837 Auspiciis
348 752 508 836 iuuenem,
530 773 588 816 ceu
610 755 668 835 pat
654 753 719 815 tria
742 772 800 852 ges
802 755 852 816 tet
802 751 908 816 tin
932 753 1033 818 armis

158 838 318 923 Fulmina,
341 841 475 906 sublimi
498 840 599 904 uallat
585 844 654 904 tam
677 839 800 905 uertice
823 840 945 905 montis
1124 859 1174 908 401

157 928 205 992 Et
229 929 369 1012 seopulis
392 929 516 1011 urbem,
539 928 669 992 cumula
671 932 778 993 tams
763 932 873 1029 strage
895 928 1054 1015 uirorum,

158 1015 310 1081 Nonot
258 1020 330 1081 oto
353 1017 500 1099 rapuisse
524 1016 584 1099 die,
607 1039 671 1100 qua
692 1014 791 1081 Mart'
766 1020 832 1081 trus
856 1017 913 1081 ille

157 1104 357 1169 Hannibal
347 1128 382 1169 1n
404 1110 493 1168 terra
515 1107 708 1189 consumpto
732 1105 868 1170 uerterit
891 1127 975 1170 anno

157 1191 228 1257 Nec
251 1193 336 1275 pube
365 1192 567 1277 aequandam
594 1215 653 1258 nec
681 1215 780 1276 opum
807 1195 956 1259 ubertate
980 1192 1176 1280 Saguntum.

201 1280 383 1366 Proximus,
406 1281 563 1365 applicito
588 1282 713 1346 saxosis
736 1302 857 1367 aggere
880 1281 983 1367 siluis,
1123 1300 1173 1351 410

158 1369 336 1453 Tendebat,
358 1370 470 1435 fratris
494 1370 622 1452 spirans
644 1370 792 1454 ingentia
813 1369 913 1453 facta,

157 1457 355 1522 Hasdrubal.
391 1459 445 1524 hic
467 1459 566 1523 robur
589 1459 772 1542 mixtusque
795 1458 972 1523 rebellibus
995 1459 1090 1526 Afris

157 1544 329 1629 Cantaber,
351 1547 405 1613 hic
428 1547 553 1612 uolucri
575 1545 691 1612 Mauro
714 1547 876 1630 pernicior
894 1545 1011 1632 Astur,

156 1634 326 1718 Tantaque
348 1637 501 1701 maiestas
524 1639 613 1700 terra
635 1637 772 1700 rectoris
795 1633 930 1721 Hibera,

156 1721 353 1789 Hannibalis
378 1728 517 1809 quantus
540 1723 694 1789 Laurenti
718 1728 824 1788 terror
846 1723 881 1788 in
904 1745 970 1789 ora.
1122 1742 1173 1791 411

155 1811 256 1878 Forte
280 1812 348 1877 dies
371 1815 514 1897 priscum
537 1811 645 1896 Tyriis
668 1811 838 1877 sollemnis
861 1809 1043 1877 honorem*

156 1899 353 1984 Rettulerat,
376 1922 450 1987 quo,
473 1901 615 1985 primum
638 1900 705 1965 orsi
728 1897 937 1984 Carthaginis
961 1900 1051 1966 altae

154 1987 388 2072 Fundamenta,
410 2010 530 2054 nouam
554 2010 688 2073 coepere
711 1988 894 2071 mapalibus
917 1989 1043 2055 urbem.

154 2076 200 2141 Et
224 2076 340 2160 laetus,
363 2082 512 2162 repetens
537 2077 644 2161 gentis
668 2076 856 2160 primordia,
879 2077 995 2142 ductor

155 2164 255 2229 Festa
279 2167 440 2230 coronatis
464 2166 613 2250 agitabat
636 2164 756 2248 gaudia
779 2166 892 2249 signis,
1121 2184 1172 2233 420

157 2253 336 2318 Pacificans
360 2253 462 2320 diuos.
498 2253 679 2318 fraternum
701 2254 797 2318 laena
819 2253 948 2319 nitebat

159 2341 310 2406 Demissa
333 2363 372 2406 ex
394 2342 537 2406 humeris
561 2341 690 2425 donum,
713 2363 812 2425 quam
834 2341 974 2407 foederis
998 2343 1064 2407 arti

158 2429 344 2495 Trinacrius
367 2428 491 2514 Libyco
515 2453 571 2495 rex
594 2431 679 2495 inter
702 2452 837 2495 munera
859 2430 978 2516 pignus

156 2516 300 2602 Miserat,
323 2516 447 2583 Aeoliis
472 2522 638 2604 gestatum
660 2519 788 2604 insigne
811 2517 968 2602 tyrannis.

157 2608 281 2671 Aurata
304 2629 441 2691 puerum
463 2607 614 2690 rapiebat
637 2607 679 2672 ad
702 2607 835 2672 aethera
857 2629 965 2690 penna
1120 2625 1172 2677 421

155 2695 218 2760 Per
240 2697 342 2761 nubes
366 2696 486 2780 aquila,
509 2696 635 2760 intexto
658 2694 779 2760 librata
800 2695 925 2761 uolatu.

156 2785 297 2848 Antrum
325 2784 440 2869 ingens
468 2784 573 2867 iuxta,
601 2784 686 2867 quod
714 2806 790 2849 acus
819 2783 987 2849 simulauit
1010 2783 1047 2851 in
1070 2790 1173 2866 ostro,

226 3017 279 3066 406
303 3012 339 3066 Et
361 3010 484 3080 scopulis
502 3010 638 3066 Heinsius
669 3012 711 3065 Ex
730 3009 855 3066 oculiss
887 3010 920 3064 In
938 3010 1063 3080 scopulis
1081 3013 1173 3070 Boibe

157 3111 190 3123 ·-
210 3083 354 3141 erunulata
371 3082 508 3138 Heinsius
575 3088 627 3137 407
647 3098 703 3150 quo
723 3088 759 3135 011
782 3098 846 3135 eum
864 3082 1015 3138 Idnineins
1032 3089 1059 3137 et
1076 3083 1173 3141 Dares·

154 3155 250 3222 qneins
322 3159 375 3208 408
394 3152 528 3208 auerterit
545 3154 681 3209 Heinsius
744 3159 796 3208 409
816 3152 880 3206 Non
897 3158 934 3205 011
998 3159 1053 3209 412
1070 3154 1173 3228 robur]

156 3224 247 3278 Uasco
266 3223 402 3279 Schrader
473 3229 526 3279 412
546 3226 575 3279 et
593 3229 645 3278 413
664 3223 730 3278 huic
743 3224 892 3279 Muneeins
962 3228 1015 3279 413
1034 3240 1136 3283 mauro
1148 3230 1173 3281 1

156 3295 186 3347 in
204 3311 272 3348 auro
290 3299 352 3348 1110
424 3300 477 3349 418
496 3310 613 3365 coepere
631 3300 655 3347 V
677 3311 792 3364 corpore
811 3300 852 3347 Lr
876 3299 1014 3364 asperso
1038 3311 1088 3350 sae
1124 3313 1174 3355 ere

154 3364 348 3420 Heinsins-
371 3367 530 3436 magalibus
555 3367 600 3422 uel
624 3367 788 3437 magaribus
814 3366 935 3435 Ruperti
962 3367 1010 3434 (ef.
1031 3367 1121 3424 XI.
1140 3372 1172 3438 7)

155 3440 209 3490 420
228 3435 334 3506 gaudia
352 3443 396 3490 0111
414 3437 470 3506 Ep.
490 3442 509 3494 7
584 3437 778 3492 4211111108
857 3436 1037 3492 4261111110
1057 3440 1162 3497 ouis

159 3510 235 3562 testo
248 3513 343 3560 1111-
362 3507 468 3563 librata
482 3509 556 3564 01111.
572 3509 589 3564 1.
635 3513 688 3563 427
704 3507 840 3564 similauit
852 3508 973 3578 Ruperti
985 3509 1033 3576 (cf.
1042 3510 1090 3566 11.
1102 3515 1173 3581 533)
