2438 3924
108 136 193 232 130v
506 165 726 221 srnrrramci

154 328 355 414 Luxsurgit
377 330 556 414 panditque
579 327 700 414 fugam.
736 327 802 391 ruit
824 349 896 391 acer
920 328 1048 411 apertis

107 416 216 481 Turbo
241 418 386 501 equitum
409 418 523 502 portis,
547 421 643 501 atque
668 417 772 481 omnis
797 416 901 480 ferrea
926 416 995 480 late

107 505 297 589 Tempestas
321 506 427 590 operit
450 526 592 588 campos.
628 504 772 569 nondum
795 526 884 568 arma
908 526 1094 589 manusque

108 592 302 678 Permixtae,
325 594 393 658 iam
415 595 482 658 tela
505 593 623 659 bibunt
644 592 824 676 praemissa
847 589 1004 657 eruorem.

105 680 200 768 Hine,
222 682 330 746 iussae
353 683 496 746 Poenum
519 680 699 767 fugientem
724 680 847 764 sistere,
870 701 999 763 pennae
1072 698 1124 747 636

106 768 259 834 Dictaeae
283 769 437 852 uolitant3
460 770 536 834 hinc
560 770 673 834 lancea
696 769 826 833 turbine
848 771 944 852 nigro

104 857 184 922 Fert
205 858 309 922 letum
333 858 522 942 cuicumque
545 857 625 941 uiro,
648 878 744 940 quem
766 856 932 941 prenderit
954 856 1053 924 ictus.

104 945 281 1029 Deponunt
304 946 412 1009 abitus
435 967 547 1010 curam
569 945 752 1029 trepidique
776 948 904 1009 coactas

105 1030 318 1098 Constituunt
342 1034 425 1099 acies
450 1038 482 1098 et
506 1055 579 1117 spes
603 1033 645 1098 ad
666 1033 792 1117 proelia
813 1036 956 1097 uertunt.

148 1119 223 1205 Ipse
237 1121 324 1185 inter
337 1121 460 1186 medios
471 1158 512 1167 —
527 1143 604 1185 nam
618 1143 725 1186 rerum
740 1121 821 1185 dura
834 1120 969 1185 uidebat
982 1158 1029 1168 -
1069 1138 1121 1188 666

107 1206 258 1273 Sidonius
282 1209 406 1295 ductor,
427 1213 520 1294 tergo
545 1209 694 1273 sublimis
718 1210 760 1273 ab
784 1211 850 1273 alto

105 1294 383 1382 Quadrupedantis
407 1299 489 1383 equi,
511 1297 647 1362 tendens
670 1319 846 1381 uocemque
869 1318 1068 1381 manusque:

104 1383 183 1449 ‘Per
206 1385 331 1470 decora,
355 1390 498 1451 extremo
521 1386 616 1450 uobis
640 1386 787 1470 quaesita
810 1386 870 1449 sub
895 1406 965 1464 axe,

104 1471 165 1537 Per
188 1472 300 1538 fratris
325 1475 436 1539 laudes
460 1496 527 1556 oro,
550 1475 679 1538 uenisse
703 1474 878 1556 probemus

103 1559 297 1626 Germanum
323 1562 533 1647 Hannibalis3
555 1561 650 1627 Latio
673 1561 821 1627 Fortuna
843 1562 975 1627 laborat
1068 1579 1123 1630 646

102 1648 259 1715 Aduersis
284 1650 476 1716 documenta
499 1651 576 1715 dare
599 1655 698 1734 atque
722 1650 905 1735 ostendere,
929 1655 1076 1734 quantus

104 1735 251 1802 Uerterit
273 1739 306 1803 in
330 1738 469 1804 Rutulos
494 1739 636 1804 domitor
657 1737 785 1802 telluris
804 1739 955 1821 Hiberae,

104 1823 222 1890 Suetus
246 1827 287 1890 ad
308 1827 487 1892 Herculeas
512 1827 605 1891 miles
629 1827 753 1890 bellare
776 1826 954 1891 columnas.

105 1913 260 1979 Forsitan
285 1918 317 1980 et
338 1936 466 2001 pugnas
489 1916 600 1979 ueniat
623 1936 797 2000 germanus
820 1915 855 1979 in
878 1916 976 1997 ipsas.

106 2000 214 2086 Digna
237 2003 317 2086 uiro,
341 2004 450 2088 digna,
473 2004 629 2088 obtestor,
652 2003 836 2086 spectacula
857 2003 956 2085 pleno
1067 2021 1120 2070 646

106 2086 305 2173 Corporibus
330 2095 502 2175 properate
526 2093 605 2156 solo.
642 2091 835 2176 quicumque
857 2090 968 2155 timeri

98 2175 181 2241 Dux
203 2178 290 2243 bello
313 2183 452 2262 poterat,
474 2177 569 2243 fratri
591 2180 689 2262 iacet3
711 2180 806 2244 unica
828 2199 914 2243 nunc
937 2200 1023 2262 spes,

101 2264 147 2328 Et
170 2286 275 2348 poena
298 2270 331 2330 et
355 2266 490 2330 latebris
513 2265 652 2332 infracto
675 2266 788 2332 Liuius
812 2289 893 2332 aeuo

100 2352 299 2418 Damnatum
324 2355 458 2418 offertur
481 2356 575 2420 uobis
599 2359 706 2439 eaput.
744 2357 798 2439 ite,
822 2356 919 2440 agite,
943 2377 1011 2440 oro,

103 2440 245 2506 Sternite
269 2442 444 2526 duetorem,
468 2465 540 2507 eum
565 2464 628 2526 quo
653 2465 842 2509 concurrere
865 2442 961 2508 fratri
1063 2461 1117 2511 660

101 2528 151 2594 Sit
174 2531 285 2614 pudor,
308 2534 342 2623 et
364 2531 454 2615 turpi
475 2530 573 2595 finem
597 2531 715 2596 donate
739 2529 907 2597 senectae?

171 2744 222 2793 626
241 2739 332 2807 surgit
350 2739 437 2793 Bothe
463 2740 547 2808 urget
565 2745 581 2792 3
600 2740 715 2794 -ater
739 2744 782 2792 ov
884 2745 936 2795 629
955 2740 1117 2810 praemissa

102 2815 147 2862 cn
159 2811 247 2878 Eue
284 2815 334 2864 631
354 2809 488 2864 Dictaeae
502 2815 546 2862 cm
561 2811 577 2864 i.
593 2810 611 2865 t.
626 2840 660 2850 -
676 2809 787 2881 lancea]
807 2811 915 2865 lent-ar
958 2816 1011 2865 632
1030 2829 1116 2880 pren-

100 2879 173 2934 derit
192 2887 235 2933 666
250 2882 267 2935 l.
282 2882 299 2934 t.
314 2887 333 2933 L
361 2879 475 2949 prendit
496 2886 517 2933 r
543 2880 688 2948 prandidit
707 2886 750 2933 0V
768 2881 813 2947 (Τ.
830 2899 859 2950 p.
880 2884 952 2937 222.
966 2884 1032 2937 225.
1046 2886 1118 2952 242)

99 2955 150 3004 633
171 2951 263 3005 abitus
277 2955 322 3003 Π
339 2949 452 3004 habitus
465 2955 506 3004 no
552 2956 604 3006 634
624 2951 803 3006 Constituunt
818 2957 863 3005 066
876 2952 893 3008 l.
909 2953 926 3005 l.
968 2956 1021 3007 636
1035 2952 1116 3008 uide-

97 3021 160 3092 bat]
178 3021 315 3075 iubebant
332 3021 466 3076 Heiusius
530 3027 582 3076 636
602 3021 667 3076 atbo
686 3022 822 3076 Schrader
891 3027 942 3076 667
960 3020 1117 3079 intendens

97 3091 233 3146 Heinsius
279 3097 329 3147 641
349 3090 507 3146 AduersiL
552 3097 604 3147 644
622 3092 721 3146 ueniat
734 3097 772 3144 ch
789 3093 885 3147 ueniet
898 3097 922 3144 V
965 3099 1019 3148 646
1038 3095 1116 3166 uiro]

96 3161 160 3229 uiri,
179 3178 196 3216 o
214 3161 350 3217 Heinsius
411 3167 462 3218 648
481 3164 519 3217 Et
556 3178 628 3218 oens
646 3164 675 3217 et
693 3161 811 3217 latebris
825 3163 940 3218 Medius
965 3162 1004 3218 Et
1021 3174 1140 3234 poena*

97 3231 214 3286 latebris
229 3239 273 3286 cn
286 3234 342 3303 Ep.
353 3238 389 3289 10
411 3233 434 3286 Ε
453 3249 524 3303 pene
535 3180 675 3288 Fateribus
688 3239 708 3287 1.
727 3233 750 3286 Ε
763 3251 872 3303 paneae
893 3235 943 3302 (au
955 3249 1032 3303 pone
1045 3250 1082 3291 ac
1091 3238 1118 3306 6)

96 3303 225 3370 latebris,
252 3306 299 3358 sed
320 3322 355 3359 m.
373 3307 393 3359 2
409 3320 548 3373 suprascr.
571 3303 708 3359 lateribus
725 3309 746 3356 r
777 3303 801 3357 Ε
820 3319 911 3374 poeno
935 3303 1077 3361 lateribus
1096 3313 1118 3362 0

99 3373 135 3426 rt
161 3389 234 3443 pene
256 3373 391 3430 lateribus
415 3376 501 3444 ΠΤ.
516 3392 547 3444 p.
566 3378 636 3442 243)
669 3374 711 3428 Ex
738 3390 845 3443 poenas
873 3374 991 3430 latebris
1019 3377 1117 3434 Burro

98 3447 429 3513 recuperareque
537 3451 584 3501 661
611 3444 688 3515 turpi
707 3445 822 3501 Medius
848 3445 975 3514 turpisfl
1002 3449 1038 3503 iu
1056 3447 1118 3506 001.

100 3517 218 3572 cubabat
236 3517 400 3572 uocabulum
417 3519 449 3571 iu
467 3517 554 3572 litura
573 3522 636 3572 rure
655 3516 755 3572 Medio
772 3517 828 3587 Ep.
843 3521 881 3572 10
