2438 3924
157 165 222 232 180
560 158 780 215 smirnmor

161 329 353 393 Polluerunt
375 324 455 389 tabo
480 327 610 408 stagna3
634 345 671 388 ac
693 321 812 387 fiducia
834 324 929 385 tanta

114 494 117 501 ¹
159 416 249 492 Quos
273 415 360 499 tulit,
383 417 421 478 ut
443 434 597 496 superum
619 410 691 495 regi
714 410 896 494 soliumque
920 410 1101 495 domosque

160 504 253 570 Irent
276 505 452 587 direptum:
476 503 661 566 mactantur
684 500 865 564 comminus
887 519 953 563 uno

157 592 285 678 Exiti03
306 591 509 674 redduntque
533 590 668 673 animas,
690 590 853 652 temerata
875 586 1029 652 ferebant
1124 602 1170 653 500

161 681 223 758 Qui
247 683 372 746 secreta
395 679 490 743 deum
514 682 548 742 et
569 677 692 762 primos
715 696 877 741 reserasse
901 679 1044 760 negatas

159 769 334 836 Gressibus
357 769 509 833 humanis
534 766 640 850 Alpis.
675 764 859 830 formidinis
883 764 981 829 huius

157 859 260 923 Plena
284 858 369 922 acies
392 876 528 940 propere
550 858 638 919 retro
662 855 848 918 exanimata
869 853 995 919 ruebat.

158 946 256 1011 Haud
280 967 381 1029 secus,
405 966 442 1009 ac
465 943 560 1008 tectis
584 943 675 1008 urbis
698 939 860 1008 Uulcania
881 941 986 1027 pastis

159 1032 243 1100 Oum
268 1056 337 1098 sese
360 1031 489 1117 infudit,
513 1031 708 1117 rapidusque
731 1030 881 1097 incendia
903 1031 1002 1095 flatus
1123 1046 1172 1097 505

162 1122 315 1187 Uentilat
338 1124 371 1185 et
393 1121 537 1186 uolucris
561 1120 688 1205 spargit
711 1142 770 1204 per
793 1119 936 1184 culmina
958 1119 1125 1185 flammas:

160 1211 351 1275 Attonitum
375 1209 517 1293 erumpit
540 1209 649 1273 subita
671 1207 846 1273 formidine
867 1208 997 1293 uulgus,

161 1299 306 1382 Lateque
328 1302 366 1362 ut
389 1302 484 1382 capta
506 1298 631 1381 passim
652 1297 836 1381 trepidatur
858 1296 893 1360 in
915 1296 1005 1362 urbe.
1068 1316 1070 1320 ⁴

206 1387 328 1452 Uerum
351 1386 409 1451 ubi
432 1386 578 1451 cunctari
601 1385 712 1451 taedet
733 1386 881 1470 dispersa
902 1385 1052 1451 uirorum

159 1476 289 1540 Proelia
313 1478 492 1540 sectantem
515 1477 548 1539 et
571 1475 687 1539 leuiori
709 1473 816 1538 Marte
838 1473 952 1557 teneri,
1126 1490 1175 1541 510

160 1564 282 1628 Omnes
305 1563 340 1627 in
363 1585 494 1629 causam
517 1563 596 1628 belli
619 1566 847 1646 auctoremque
871 1562 1034 1627 malorum

160 1652 297 1718 Uertere
319 1653 385 1717 iam
409 1653 496 1717 uires
519 1652 651 1718 tandem
674 1652 789 1734 placet.
825 1650 994 1715 Hannibal
1017 1672 1103 1717 unus

161 1740 248 1807 Dum
272 1744 383 1824 restet,
405 1762 481 1825 non,
504 1740 532 1804 si
555 1739 656 1804 muris
680 1737 890 1824 Carthaginis
913 1739 1001 1824 ignis

163 1828 337 1914 Subdatur,
359 1829 509 1914 caesique
533 1828 652 1894 cadant
675 1827 835 1893 exercitus
859 1827 975 1907 omnis,

162 1917 351 1983 Profectum
373 1917 485 2000 Lati03
508 1921 633 2000 contra,
656 1917 684 1982 si
707 1915 856 1982 concidat
878 1936 972 2000 unus,
1128 1933 1177 1984 515

163 2005 390 2090 Nequicquam
413 2005 484 2071 fore
507 2005 687 2090 Agenoreis
711 2009 829 2070 cuncta
851 2026 942 2069 arma
964 2006 1129 2091 uirosque.

164 2094 265 2158 Illum
287 2094 392 2180 igitur
413 2095 556 2159 lustrans
580 2093 767 2160 circumfert
788 2094 914 2158 lumina
936 2115 1054 2179 campo

164 2181 380 2266 Rimaturque
404 2182 526 2247 ducem.
562 2183 655 2249 iuuat
677 2183 713 2247 in
735 2183 913 2247 certamina
936 2203 1066 2248 summa

163 2268 262 2334 Ferre
286 2269 437 2355 gradum3
460 2275 655 2356 cuperetque
677 2272 750 2337 uiro
774 2292 973 2356 concurrere,
995 2276 1071 2338 tota

165 2356 341 2442 Spectante
364 2357 524 2443 Ausonia3
543 2360 647 2425 celsus
671 2361 813 2425 clamore
836 2360 937 2425 feroci
1128 2377 1180 2428 620

162 2445 327 2511 Prouocat
342 2446 554 2532 *ncrepitans
583 2448 717 2520 hostem¹
742 2452 775 2513 et
800 2470 887 2513 noua
913 2449 1040 2533 proelis
1065 2451 1182 2536 poscit.

212 2533 298 2610 Quas
322 2538 499 2620 postquam
523 2536 649 2601 audiuit
670 2558 768 2602 uoces
792 2536 971 2602 conterrita
992 2535 1086 2625 Iuno,

167 2621 218 2688 Ne
240 2622 357 2708 Libyci
380 2623 470 2689 ducis
493 2625 677 2709 impauidas
700 2625 863 2691 ferrentur
886 2625 927 2691 ad
950 2646 1055 2713 aures,

165 2711 322 2796 Effigiem
345 2711 501 2795 informat
525 2713 654 2778 Latiam
677 2735 876 2799 propereque
898 2715 1041 2783 coruscis

166 2800 306 2865 Attollit
328 2801 449 2886 cristis3
473 2802 563 2866 addit
583 2803 787 2887 clipeumque
809 2803 967 2888 iubasque
1128 2818 1183 2873 m

166 2888 319 2953 Romulei
343 2889 433 2955 ducis
456 2894 553 2975 atque
576 2890 697 2956 umeris
720 2891 860 2976 imponit
882 2892 1040 2959 honorem

243 3103 295 3153 497
314 3096 479 3154 Polluerunt
496 3100 632 3157 Heinsius
702 3105 763 3156 498.
778 3105 830 3156 499
849 3102 968 3172 regis-
1000 3100 1008 3115 ⁶
1126 3132 1134 3139 ··
1192 3120 1209 3163 r·

165 3167 230 3236 regi
258 3168 407 3238 dereptum
433 3172 492 3226 sisa
519 3176 647 3240 ereptum
673 3189 730 3230 cau
751 3171 824 3228 Veea
946 3178 1002 3229 600
1165 3174 1168 3179 ’

168 3243 220 3292 501
251 3237 358 3308 primos
383 3257 435 3298 scr.
461 3258 523 3297 cum
547 3243 666 3300 Heinsio
697 3243 788 3314 primo
815 3250 832 3296 8
863 3242 949 3314 primi
971 3243 1133 3311 Ilm:
1147 3274 1186 3289 ···

168 3325 309 3391 reserasse
323 3317 340 3363 s
358 3328 486 3381 pressere
499 3315 540 3369 ed.
554 3315 643 3370 Bcsil.
664 3315 759 3383 Woifii
776 3315 901 3386 aliaeque
915 3346 948 3356 —
963 3316 1041 3383 Quo·
1050 3332 1079 3375 s.
1091 3316 1185 3389 bun,

168 3381 200 3435 et
212 3398 319 3449 primos
333 3401 355 3438 r.
365 3383 502 3440 Heinsius
542 3391 593 3440 505
608 3384 733 3440 infundit
745 3387 805 3442 edd.
814 3387 966 3443 nonnullae
1005 3386 1188 3461 mm

171 3451 308 3508 Heinsius
386 3459 439 3509 516
458 3454 583 3511 concitet
601 3461 644 3509 ov
729 3461 781 3512 519
800 3456 984 3530 cuperetque]
999 3461 1099 3531 atquc·

167 3525 213 3578 ael
231 3524 394 3594 aspiratque
412 3525 497 3582 Biuss
524 3527 694 3597 cupiensque
712 3543 763 3584 uos
834 3531 887 3584 525
905 3527 1045 3599 iubarque
1108 3519 1115 3533 '¹
