2438 3924
149 151 214 215 120
548 148 616 203 SlLI
632 147 764 202 ITALICI

146 312 221 378 Heu
244 316 366 396 quanta
388 311 606 376 Hannibalem
631 311 754 376 clarum
778 309 906 375 factura
928 310 1039 375 ruina!
1062 347 1103 357 -

147 400 359 467 Procubuere.
396 401 483 465 iacet
505 401 628 483 campis
652 397 862 485 Carthaginis
885 398 1012 464 horror.
1116 415 1167 464 340

147 489 274 554 Forsan
298 488 468 574 Scipiadae
491 488 630 554 confecti
653 487 787 553 nomina
810 487 890 552 belli

148 578 326 662 Rapturus,
350 578 379 643 si
402 578 473 661 quis
497 577 630 661 paulum
654 576 731 640 deus
756 576 888 640 adderet
914 598 1004 642 aeuo.

194 666 295 732 Collis
319 665 527 750 Agenoreum
552 665 725 730 dirimebat
750 664 791 728 ab
816 684 935 750 aggere
958 665 1088 729 uallum

149 754 352 820 Ausonio-
370 754 478 819 Dauni
501 754 632 818 Mauors
657 752 848 818 consederat
870 753 968 818 aruis.

149 843 307 908 curarum
331 864 438 909 comes
462 845 495 906 et
519 842 636 907 summi
660 840 829 925 Crispinus
852 840 987 906 honoris
1117 857 1168 906 343

150 931 306 996 Marcello
331 931 438 995 socius
462 929 647 994 communia
669 930 756 994 bella
779 929 893 994 ciebat.

147 1019 201 1084 Ad
224 1040 319 1103 quem
342 1017 533 1083 Marcellus:
556 1016 683 1082 ‘Gestis
705 1018 845 1082 lustrare
867 1019 1068 1103 propinquas

149 1107 242 1172 Mens
267 1107 369 1172 siluas
393 1106 564 1190 medioque
588 1106 676 1170 uiros
699 1106 867 1189 imponere
889 1108 1004 1189 monti,

149 1194 200 1259 Ne
224 1194 327 1280 Libys
351 1195 486 1260 occultis
510 1195 672 1258 tumulum
696 1196 785 1277 prior
809 1199 944 1278 occupet
967 1195 1067 1260 ausis.

151 1282 185 1347 Si
209 1284 299 1348 cordi
323 1287 383 1368 est,
406 1287 438 1348 te
462 1284 665 1367 participem,
688 1281 846 1367 Crispino,
869 1283 992 1348 laboris
1116 1300 1170 1348 sto

150 1371 233 1435 Esse
257 1372 366 1436 uelim.
401 1394 579 1456 numquam
604 1372 721 1435 desunt
744 1372 894 1436 consulta
918 1369 1067 1436 duobus?

150 1459 239 1525 Haec
263 1460 320 1525 ubi
343 1460 462 1545 sedere,
485 1460 627 1524 ardentis
652 1459 803 1523 attollere
827 1481 897 1524 sese

149 1549 221 1613 Iam
245 1549 367 1613 dudum
391 1552 519 1613 certant
542 1548 576 1612 in
600 1569 707 1632 equos.
745 1546 929 1633 Marcellus,
950 1551 989 1612 ut
1012 1569 1108 1612 arma

152 1640 331 1721 Aptantem
353 1643 468 1701 natum
491 1637 618 1721 aspexit
641 1636 826 1719 laetumque
849 1637 1005 1700 tumultu:

152 1724 304 1811 ‘Uincia'
329 1727 385 1808 ait,
409 1725 554 1791 ‘nostros
577 1724 724 1788 mirando
749 1724 863 1789 ardore
886 1724 1025 1811 rigores.
1116 1741 1168 1790 stt

154 1813 205 1879 Sit
227 1818 456 1899 praematurus
479 1813 558 1878 felix
580 1813 684 1896 labor,
706 1812 785 1876 urbe
810 1811 927 1877 Sicana

154 1902 290 1978 Qualem
314 1908 347 1966 te
370 1903 446 1981 uidi,
469 1901 612 1966 nondum
637 1901 840 1984 permitteret
862 1904 951 1965 aetas

155 1988 238 2055 Oum
262 1991 322 2055 tibi
347 1991 442 2074 bella,
465 2011 537 2053 meo
560 1992 758 2053 tractantem
780 1989 907 2073 proelia
929 1989 1034 2054 uultu.

155 2077 237 2161 Huc,
262 2079 368 2162 decus,
390 2078 463 2160 hnc,
485 2083 644 2159 nostrum,
666 2077 764 2141 lateri
786 2081 820 2141 te
842 2077 940 2162 iunge
963 2081 1104 2160 paterno

153 2166 199 2230 Et
222 2188 273 2230 me
297 2166 384 2230 disce
406 2188 529 2230 nouum
552 2165 692 2248 Martem
715 2169 843 2229 tentare
866 2163 1049 2250 magistro?
1120 2184 1172 2234 360

154 2254 248 2338 Tum,
271 2253 363 2338 pueri
385 2254 468 2318 colla
492 2255 699 2338 amplectens,
723 2253 768 2318 sio
791 2275 895 2337 pauca
917 2260 1087 2338 precatur:

153 2341 305 2407 ‘Summe
330 2342 433 2426 deum,
456 2340 589 2426 Libyco,
610 2341 705 2427 faxis,
728 2341 767 2406 de
790 2341 939 2424 praeside
962 2363 1049 2407 nunc
1072 2343 1137 2428 his,

153 2430 215 2495 His
240 2430 384 2495 humeris
407 2429 470 2493 tibi
493 2432 602 2515 opima
624 2428 748 2495 feram!
789 2428 859 2496 Nec
881 2432 987 2515 plura,
1008 2453 1127 2499 sereno

154 2517 359 2604 Sanguineos
383 2517 469 2583 fudit
492 2541 565 2584 cum
587 2518 712 2603 Iupiter
735 2518 865 2582 aethere
888 2541 978 2583 rores

154 2608 265 2691 Atque
284 2607 364 2672 atris
388 2629 479 2671 arma
502 2609 643 2692 aspersit
665 2628 731 2671 non
754 2628 912 2691 prospera
936 2607 1048 2692 guttis.
1120 2625 1171 2674 sat

154 2696 295 2761 Uixdum
320 2696 423 2760 finitis
446 2696 610 2759 intrarant
632 2695 767 2760 uocibus
791 2701 878 2760 artas

154 2783 292 2849 Letiferi
316 2784 410 2849 collis
434 2784 554 2867 fauces,
577 2806 650 2848 cum
672 2784 771 2847 turba
793 2784 933 2848 uolucris

154 2874 320 2938 Inuadunt
342 2871 507 2936 Nomades
531 2872 646 2936 iaculis
668 2873 844 2956 nimboque
867 2871 1017 2937 feruntur

226 3087 278 3136 339
307 3080 368 3134 Heu
396 3083 513 3148 quanta,
542 3079 576 3135 H.
607 3081 714 3135 clarum
741 3079 866 3149 factura,
895 3082 977 3136 ruina
1004 3081 1119 3137 Gronov
1147 3089 1173 3139 et

155 3153 292 3207 Heinsius
318 3150 353 3205 H.
373 3156 509 3220 quantum
532 3152 567 3206 H.
587 3151 664 3207 clara
687 3152 812 3206 sr'aotura
834 3170 855 3207 r.
875 3158 891 3205 3
919 3152 954 3208 H.
977 3154 1119 3221 quantum
1138 3154 1173 3208 H.

156 3225 235 3278 clara
252 3223 364 3276 factura
380 3239 403 3277 r.
417 3222 505 3278 Bothe
576 3228 626 3276 341
647 3223 760 3278 nomine
775 3227 818 3275 ov
889 3229 941 3278 347
960 3223 1139 3292 propinquus
1155 3230 1173 3278 1

156 3300 209 3348 343
229 3292 333 3348 occulti
348 3323 381 3333 -
396 3300 473 3348 astus
492 3295 537 3348 uel
555 3294 666 3349 occulto
677 3325 709 3334 -
720 3295 784 3348 astu
798 3294 934 3349 Heinsius
980 3298 1033 3347 352
1054 3295 1115 3349 Nec
1130 3299 1174 3348 ov

158 3371 211 3419 334
229 3362 368 3418 tumultus
386 3365 521 3420 Hunnus
615 3368 668 3419 338
686 3364 779 3436 uultu]
799 3363 857 3419 ritu
874 3365 1010 3420 Heinsius
1037 3368 1111 3420 nutu
1129 3367 1175 3422 uei

159 3435 246 3490 ductu
270 3435 382 3502 Withof
480 3441 531 3490 362
555 3452 628 3490 nunc
651 3435 695 3490 his
718 3440 755 3488 ch
786 3435 904 3490 nunchis
927 3440 969 3488 1AE
1001 3434 1107 3492 uinclis
1131 3442 1176 3491 ov

160 3511 213 3562 368
232 3504 415 3560 momadesr
441 3505 585 3562 meniades
603 3512 644 3560 Lo
672 3507 817 3561 nioniates
835 3512 858 3558 v
