2438 3924
149 178 214 242 182
549 175 617 231 sicr
635 175 771 231 Issaici

147 339 339 425 Cornipedis
363 339 466 404 moles
490 338 558 404 ruit
582 342 680 423 atque
704 337 829 403 efflauit
852 338 971 404 anhelo

147 427 284 494 Pectore
305 427 441 494 Iunonis
464 429 550 493 curis
573 427 609 491 in
631 427 745 492 nubila
768 427 882 492 uitam.

150 516 233 582 Tum
257 539 335 582 uero
359 516 546 601 impatiens:
575 514 712 581 ‘Uestra
735 519 787 580 est
808 515 889 580 haec
912 515 1031 597 altera,
1054 523 1165 585 uestra

146 604 271 685 Fraus,'
296 606 412 690 inquit,
435 604 578 691 ‘superi3
605 626 671 669 non
693 603 819 669 fallitis.
856 625 997 688 aequore
1021 629 1165 673 mersum

145 694 315 759 Texissent
337 694 472 778 scopuli,
494 695 694 778 pelagusque
717 692 881 757 hausisset
904 697 937 757 et
960 695 1084 761 undeet
1115 713 1165 764 560

145 781 240 847 Anne
263 782 340 847 huic
364 783 519 848 seruabar
540 781 630 847 leto?
666 803 739 846 mea
763 781 858 866 signa
881 782 996 867 secuti,

147 869 227 946 Quis
249 892 381 957 pugnae
400 870 579 956 auspicium
601 869 756 953 dedimus,
775 869 966 955 caeduntur3
990 875 1025 935 et
1045 873 1164 938 absens

145 959 279 1043 Accipio
303 959 444 1045 gemitus
467 981 627 1044 uocesque
651 981 689 1023 ac
712 959 814 1023 uerba
836 963 1014 1024 uocantum

146 1045 373 1112 Hannibalem.
409 1047 481 1132 quis
503 1053 619 1112 nostra
642 1046 722 1111 satis
746 1047 864 1111 delicta
886 1046 994 1130 piabit

145 1134 320 1200 Tartareus
344 1135 511 1200 torrens?'
549 1134 653 1200 Simul
676 1135 757 1199 haec
779 1134 936 1199 fundebat
958 1140 993 1200 et
1015 1159 1082 1203 una
1109 1154 1159 1204 565

147 1221 324 1307 Spectabat
348 1224 494 1289 dextram
518 1245 555 1289 ac
578 1224 637 1288 leti
660 1222 808 1288 feruebat
832 1245 951 1288 amore.

189 1311 393 1391 Tunetunc,
416 1313 571 1378 miserata
593 1312 709 1393 uirum,
732 1311 876 1397 pastoris
899 1311 934 1375 in
957 1334 1017 1377 ora

144 1398 295 1465 Uertitur
318 1423 355 1465 ac
378 1399 471 1465 siluis
496 1401 603 1465 subito
626 1401 775 1484 procedit
798 1399 908 1485 opacis

145 1488 256 1572 Atque
279 1489 331 1554 his
354 1489 532 1573 alloquitur
554 1493 740 1554 uersantem
762 1488 904 1574 ingloria
926 1487 1012 1553 fata:

144 1574 324 1651 ‘Quaenam
346 1581 380 1642 te
404 1578 496 1642 siluis
519 1579 669 1643 accedere
692 1599 790 1642 causa
813 1577 945 1662 subegit
1110 1595 1162 1645 570

143 1664 319 1731 Armatum
341 1666 490 1732 nostris?
514 1688 593 1731 num
616 1667 696 1731 dura
720 1665 761 1731 ad
784 1665 910 1750 proelia
932 1665 1050 1750 tandin,

143 1751 284 1840 Magnus
303 1755 360 1820 ubi
374 1754 538 1820 Ausoniae
557 1756 699 1839 reliquos
718 1755 831 1819 domat
850 1752 1018 1819 Hanniba]
1039 1756 1163 1822 armis?

145 1839 182 1907 Si
204 1843 301 1908 uelox
324 1845 446 1928 gaudes
469 1844 526 1928 ire,
549 1847 582 1908 et
605 1843 795 1927 compendia
819 1847 917 1927 grata

145 1927 230 1995 Sunt
253 1931 325 2016 tibi,
348 1932 455 1997 uicino
478 1932 513 1996 in
536 1932 660 1997 medios
682 1935 715 1996 te
740 1930 872 1996 tramite
896 1931 1035 1999 ducam?

144 2019 272 2084 Annuit
295 2025 393 2104 atque
416 2023 531 2086 onerat
553 2020 723 2105 promissis
747 2024 881 2104 pectora
904 2020 1006 2105 largis
1110 2038 1161 2088 575

144 2106 292 2173 Pastoris
315 2113 492 2193 patresque
516 2109 610 2173 docet
629 2108 840 2192 Carthaginis
860 2108 946 2172 altae

143 2192 266 2280 Magna
289 2218 491 2280 repensuros‚
513 2218 574 2261 nec
597 2219 632 2261 se
651 2196 777 2262 leuiora
800 2197 960 2260 daturum.

143 2281 362 2368 Praecipitem
387 2289 420 2349 et
442 2287 535 2349 uasto
561 2288 769 2370 superantem
791 2285 941 2368 proxima
966 2285 1054 2349 saltu

145 2368 348 2456 circumagit
371 2371 453 2437 Iuno
477 2394 523 2457 ac,
545 2371 665 2438 fallens
689 2374 821 2458 regione
844 2373 981 2458 uiarum,

143 2457 219 2524 Non
243 2463 373 2546 gratam
396 2460 502 2525 inuito
526 2465 637 2526 seruat
660 2463 766 2527 celata
790 2462 939 2527 salutem.
1111 2480 1163 2530 580

189 2547 320 2614 Interea
341 2547 482 2614 Cadmea
504 2571 630 2634 manus,
653 2549 782 2616 deserta
804 2571 1000 2635 pauensque,

143 2636 220 2702 Non
243 2638 345 2703 ullum
368 2637 597 2722 Hannibalem,
622 2660 784 2723 nusquam
807 2639 986 2704 certamina
1009 2641 1117 2705 cernit

145 2725 243 2790 Saeui
265 2732 345 2792 nota
369 2726 467 2792 ducis.
503 2748 581 2811 pars
603 2726 695 2793 ferro
716 2728 905 2793 occumbere
929 2727 1075 2813 credunt,

143 2875 357 2886 ῂ--ῂ

216 2975 269 3024 558
288 2972 384 3026 uestra
398 2974 442 3026 est
454 2972 526 3026 haec
540 2972 631 3026 altera
644 2973 771 3026 uestrav
788 2974 884 3028 uestra
893 2988 917 3027 e.
927 2971 956 3025 h.
966 2989 992 3027 6.
1007 2974 1106 3029 nostra
1120 2982 1162 3028 55

143 3042 240 3096 nostra
259 3058 282 3097 e.
301 3042 329 3096 h.
348 3059 375 3097 a.
393 3045 489 3097 uestra
508 3048 527 3095 0
600 3042 770 3098 55006111οἱ6
790 3049 833 3096 ov
855 3043 957 3098 fallitis
976 3049 996 3095 5
1019 3043 1162 3100 sullicisr

144 3115 195 3166 561
215 3110 293 3183 huie]
312 3111 378 3167 hinc
397 3119 414 3166 0
433 3146 465 3154 -
486 3115 618 3170 seruabat
634 3119 654 3167 1.
697 3119 749 3170 503
768 3130 803 3170 66
820 3120 882 3169 550
905 3115 935 3169 60
952 3120 975 3167 5
1022 3120 1075 3170 505
1094 3117 1162 3170 Tar-

143 3184 238 3237 tareos
257 3188 301 3235 05
383 3190 434 3239 557
454 3186 526 3239 Tum
545 3191 587 3238 05
668 3190 720 3241 560
738 3184 832 3254 Atque
850 3184 894 3238 his
914 3189 957 3238 05
984 3184 1080 3254 Atque
1098 3187 1163 3242 isr

144 3252 184 3307 At
201 3252 246 3307 his
265 3259 285 3306 1.
380 3261 431 3310 570
451 3256 600 3311 succedere
619 3257 767 3313 Liuineius
864 3261 913 3312 571
935 3257 1014 3327 num]
1034 3273 1122 3312 unum
1142 3265 1162 3311 5

145 3328 197 3378 570)ι
217 3323 302 3379 armis
320 3330 340 3378 1.
369 3343 447 3380 arma
464 3332 530 3380 505
620 3333 671 3383 578
692 3327 883 3399 superantem]
900 3330 1100 3397 properantem
1120 3335 1163 3382 05

143 3424 180 3435 -
198 3395 274 3450 uasti
299 3412 359 3465 sup.
382 3415 424 3467 pr.
448 3399 537 3453 saltus
560 3398 695 3455 1161666066
727 3402 820 3453 uastos
844 3414 866 3453 e.
890 3417 918 3468 p.
941 3398 1030 3453 saltus
1055 3399 1169 3469 Withof

143 3470 202 3591 {gt
235 3482 268 3550 ac
304 3473 346 3519 55
387 3470 417 3523 60
449 3474 468 3521 0
509 3471 540 3524 60
571 3474 595 3522 5
755 3473 809 3524 580
845 3467 960 3540 661606]
994 3470 1049 3524 (166
1085 3470 1163 3526 laeta

176 3553 280 3594 6666606
