2438 3924
153 166 219 231 174
551 165 621 220 SILI
638 165 775 223 ITALICI

153 329 302 396 Confisus
325 330 429 412 uobis,
451 333 574 413 repeto.
610 351 676 394 non
699 329 803 394 altera
825 331 935 394 restat
1126 348 1166 397 aas

151 419 222 483 Iam
245 418 377 503 Libyae,
400 440 459 482 nec
482 417 657 482 Dardaniis
680 438 793 502 pugna
817 418 924 482 altera
947 422 1074 485 restat.

155 504 304 572 Certatus
329 506 423 570 nobis
446 507 542 571 hodie
567 506 734 572 dominum
757 507 877 590 accipit
897 507 1020 573 orbis?

154 595 323 660 Hannibal
345 595 440 680 haec;
463 595 607 660 sednon
629 597 757 680 patiens
782 595 991 662 remorantia
1016 598 1122 663 uerba

152 683 317 749 Ausonius
340 683 444 767 miles,
467 683 619 768 quotiens
643 684 707 748 dur
730 685 881 767 coeperat
905 706 968 749 ora

153 771 287 838 Solucre
311 772 350 837 ad
375 773 501 855 effatus,
524 773 654 858 signum
677 793 886 858 pugnamque
910 775 1090 856 petebant
1128 791 1169 840 alo

196 860 286 925 Haec
308 862 422 944 procul
446 861 534 925 aeria
557 861 780 945 speculantem
802 861 889 925 nube
914 882 1074 928 sororem

153 947 199 1014 Ut
223 949 306 1013 uidit
329 948 440 1014 diuum
464 949 592 1034 genitor
615 952 820 1032 maestosque
844 948 905 1014 sub
931 952 1005 1016 acri

154 1036 280 1102 Obtutu
303 1038 424 1120 uultus,
448 1037 494 1102 sio
518 1060 573 1103 ore
597 1039 713 1103 effatus
737 1039 841 1103 amico
865 1042 931 1103 est:

154 1124 233 1200 ‘Qui
257 1129 290 1189 te
314 1127 433 1190 mentis
458 1128 558 1191 edunt
581 1127 731 1192 morsus?
768 1126 809 1191 da
831 1147 970 1191 noscere
998 1129 1137 1216 eonium

153 1214 242 1280 Num
264 1213 367 1278 Poeni
390 1237 482 1279 casus
507 1215 596 1280 ducis
620 1220 653 1279 et
676 1212 886 1300 Carthaginis
911 1215 1015 1301 angit
1128 1234 1171 1284 345

154 1300 240 1366 Cura
262 1303 360 1367 tuae?
385 1304 439 1368 sed
464 1303 549 1368 enim
573 1308 689 1389 reputa
710 1306 818 1369 tecum
840 1304 914 1387 ipsa
937 1304 1076 1372 furores

154 1390 312 1455 Sidonios.
349 1395 481 1476 gentem
505 1398 620 1457 contra
643 1397 677 1457 et
699 1393 813 1456 fatalia
835 1411 940 1476 regna

155 1478 354 1545 Teucrorum
378 1481 450 1565 quis
464 1481 545 1564 crit,
568 1503 698 1565 quaeso,
721 1503 886 1565 germana,
909 1481 1033 1548 rebelli

152 1566 279 1633 Fractis
301 1568 486 1634 foederibus
510 1571 631 1654 populo
655 1569 792 1634 modus?
822 1570 895 1654 ipsa
918 1570 1093 1639 malorum

151 1655 227 1722 Non
248 1658 322 1741 plus
342 1656 508 1742 Carthago
531 1659 610 1723 tulit
633 1658 846 1742 exhausitque
870 1657 1012 1744 laboris,
1126 1677 1171 1729 sto

152 1745 258 1821 Quam
280 1767 341 1829 pro
361 1745 502 1812 Cadmea
524 1746 655 1812 subiisti
680 1747 820 1813 exercita
843 1749 951 1832 gente.

154 1833 309 1899 Turbasti
333 1836 437 1901 maria
460 1857 498 1900 ao
520 1839 624 1900 terras
648 1836 861 1920 iuuenemque
884 1834 1036 1903 ferocem

151 1921 293 1987 immisti
316 1922 424 2007 Lati03
448 1926 650 1988 tremuerunt
673 1924 800 1989 moenia
818 1923 953 2009 Romae,

152 2011 278 2095 Perque
302 2012 352 2076 bis
377 2016 513 2077 octonos
536 2012 659 2096 primus
682 2012 746 2077 fuit
769 2012 937 2077 Hannibal
961 2034 1076 2081 annos

151 2099 296 2164 Humani
319 2102 456 2185 generis.
492 2104 622 2185 tempus
647 2122 839 2185 componere
862 2104 1011 2186 gentem.
1126 2118 1173 2173 aas

153 2187 207 2252 Ad
230 2189 327 2252 finem
349 2192 484 2252 uentum
507 2193 571 2274 est3
593 2189 772 2255 claudenda
795 2193 846 2255 est
867 2191 967 2254 ianua
990 2190 1100 2260 bell'n'

199 2275 282 2340 Tum
298 2277 434 2361 supplex
442 2276 538 2341 Iuno:
554 2276 602 2342 ‘N
604 2300 683 2363 eque
694 2298 765 2363 ego,
774 2279 853 2344 haec
867 2281 1000 2344 mutare
1008 2280 1174 2367 laborans,

156 2361 235 2437 Quis
260 2366 309 2428 est
332 2364 397 2428 fixa
420 2365 498 2447 dies,
520 2365 675 2449 pendenti
697 2367 783 2432 nube
805 2367 924 2452 resedi3

152 2450 222 2516 Nec
244 2474 397 2516 reuocare
421 2454 506 2518 acies
530 2453 693 2519 bellumue
717 2455 887 2520 extendere
911 2476 1055 2543 quaer03

153 2539 242 2615 Quae
257 2541 377 2605 donare
391 2546 484 2625 potes
502 2578 539 2588 —
558 2543 712 2627 quoniam
727 2544 807 2608 mihi
822 2543 933 2628 gratia
951 2544 1106 2633 languet,
1121 2560 1171 2613 tto

224 2757 276 2806 336
288 2767 386 2807 uersus
398 2751 469 2806 decet
483 2751 515 2804 ia
523 2756 572 2818 H,
586 2753 633 2808 aad
645 2753 678 2806 ia
691 2758 712 2805 r
727 2757 792 2809 Μ
807 2753 845 2808 ad
858 2767 946 2821 maru.
958 2752 1056 2810 uam.
1065 2752 1171 2826 Iram

153 2822 430 2892 ed.Ald.libyarov
467 2825 518 2876 339
534 2821 664 2889 quotiens
673 2822 824 2879 Liuineius
838 2823 994 2892 quatienss
1033 2830 1091 2883 uo
1104 2824 1171 2883 ὡ

152 2894 229 2947 tuso
266 2898 317 2947 342
329 2893 440 2947 subaori
449 2892 585 2948 Heinsius
598 2894 716 2949 subacto
726 2895 814 2950 Bothe
856 2899 908 2948 ³43
918 2892 1026 2951 affatus
1034 2894 1171 2965 Metuo

152 2967 205 3017 344
223 2963 309 3018 edant
327 2965 461 3020 Heinsius
532 2968 582 3018 361
603 2965 716 3020 subiisti
730 2966 840 3021 Gronov
854 2970 879 3020 ct
898 2964 1013 3032 Withof
1034 2965 1169 3037 tulistis,

151 3036 198 3090 sed
215 3036 248 3090 ia
260 3038 284 3085 V
302 3051 331 3088 re
350 3052 488 3105 suprascr.
509 3035 639 3090 tolerasti
652 3036 789 3092 Heinsius
807 3066 841 3076 -
860 3035 952 3102 Quam
969 3051 1025 3105 pro
1045 3034 1169 3095 (indm

152 3103 215 3175 ipsa
237 3104 330 3159 tulisti
354 3121 377 3161 e.
399 3126 426 3176 g.
445 3108 486 3163 ed.
504 3106 618 3162 Rora1
653 3105 742 3172 Quam
763 3124 815 3178 pro
839 3105 965 3161 Cadmea
986 3109 1022 3161 tu
1045 3106 1169 3167 mitt

152 3178 236 3244 gente
254 3175 347 3230 tulisti
365 3177 480 3233 Murcus
498 3179 600 3248 aliique
678 3184 730 3233 35³
750 3177 912 3233 Immixtia
992 3181 1051 3235 ooo
1068 3182 1168 3251 m

152 3246 239 3302 Bothe
257 3248 381 3302 mentem
400 3248 535 3304 Schrader
615 3255 668 3304 356
686 3250 803 3306 uentum
822 3250 865 3304 eet
881 3264 934 3304 aer.
962 3250 1086 3307 uentum
1103 3253 1167 3307 Η

152 3319 267 3372 uentum
285 3319 326 3374 ed.
344 3318 424 3374 Rom.
442 3323 471 3388 2,
489 3322 562 3391 quod
575 3321 672 3390 probb.
691 3321 825 3388 cheburc
842 3320 945 3390 aliique
1023 3324 1079 3377 86'1
1097 3318 1168 3393 lma

151 3391 270 3458 mutare,
289 3395 321 3444 ut
338 3391 407 3445 coni.
423 3391 645 3460 Heinsiua‚1.rv
672 3392 726 3448 hoc
743 3410 780 3447 m.
800 3397 819 3444 o
842 3391 913 3447 haec
930 3390 1019 3463 uolgo
1037 3392 1166 3453 mian

150 3464 203 3516 368
219 3460 370 3593 pendenqq]
388 3460 483 3519 Poeno
501 3464 572 3518 duce
587 3463 678 3520 Bortb
696 3461 873 3533 speculatum
891 3461 1005 3530 Withof
1037 3468 1095 3521 m
1107 3460 1165 3521 bol·

135 3530 274 3592 lamnas
304 3535 340 3594 be
364 3552 471 3609 umque
490 3537 579 3609 aulqo
600 3568 603 3572 -
