2438 3924
390 159 608 218 PUNICOBUM
623 159 734 216 LIBER
751 159 826 216 XIV.
1076 157 1120 223 87

104 321 238 387 Enituit
258 322 356 387 fama
392 323 487 388 miles
509 323 707 407 Tyrrhenus,
728 320 822 387 Asilo
1067 339 1119 388 149

105 409 235 475 Nomen
257 415 337 494 erat,
354 415 470 496 captus
485 411 648 496 quondam
666 411 707 475 ad
720 410 969 495 Thrasymenna
981 411 1122 492 fluenta,

106 498 284 564 Seruitium
306 501 402 565 facile
426 505 460 565 et
483 499 679 566 dominantis
703 500 817 565 mollia
839 501 929 565 iussa

105 586 270 672 Expertus
292 587 428 673 Beryae,
450 589 573 673 patrias
596 592 758 652 remearat
781 589 822 654 ad
845 611 919 654 oras

107 674 230 760 Sponte
253 677 393 742 fauentis
416 679 478 761 eri3
500 678 714 762 repetitisque
736 677 877 763 impiger
899 677 1000 742 armis

106 765 189 829 Tum
211 769 336 830 ueteres
360 765 467 831 Siculo
490 788 585 831 casus
606 766 755 831 Mauorte
778 767 901 850 piabat.

104 854 214 936 Atque
236 855 275 934 is,
298 853 374 919 dum
397 854 521 918 medios
543 855 630 919 inter
651 853 722 918 fera
743 855 869 938 proelia
893 854 1016 938 miscet,
1063 869 1115 919 155

104 940 224 1006 Illatus
248 943 383 1027 Beryae,
405 944 466 1023 cui,
488 947 587 1026 pacta
610 942 651 1006 ad
673 943 764 1028 regia
786 944 887 1007 misso

104 1030 290 1095 Poenorum
313 1054 333 1096 a
354 1031 484 1115 populis
509 1032 696 1114 sociataque
719 1032 808 1096 bella
831 1030 967 1118 gerenti,

105 1119 228 1184 Aerato
252 1120 352 1184 cassis
376 1120 554 1184 munimine
578 1120 740 1185 clauserat
763 1142 829 1199 ora,

104 1206 236 1271 Inuadit
256 1207 344 1271 ferro
367 1209 518 1273 iuuenem
541 1209 730 1293 trepideque
752 1207 912 1272 ferentem
992 1235 999 1247 ·

104 1294 273 1360 Instabilis
295 1299 383 1360 retro
407 1317 538 1381 gressus
561 1297 739 1379 prosternit
760 1295 890 1361 harena.
1062 1313 1115 1363 166

105 1384 152 1448 At
174 1383 281 1467 miser,
305 1384 415 1448 audita
438 1385 572 1449 uictoris
597 1406 684 1461 uoce,
706 1387 899 1449 trementem

105 1469 384 1556 Cunctantemque
407 1472 547 1537 animam
572 1470 688 1558 Stygia
710 1494 768 1536 ceu
791 1472 865 1537 sede
888 1473 1054 1559 reducens,

104 1558 248 1625 cassidis
272 1583 292 1625 a
314 1563 424 1625 mento
448 1559 618 1625 malefidae
640 1560 772 1624 uincula
794 1560 918 1644 rumpit

103 1647 328 1732 Iungebatque
350 1670 462 1732 preces
486 1652 583 1731 atque
607 1647 722 1711 addere
745 1648 846 1711 uerba
868 1649 1015 1730 parabat.

104 1734 175 1820 Sed,
198 1737 308 1802 subito
332 1739 465 1820 aspectu
488 1740 521 1799 et
540 1738 619 1799 noto
643 1735 839 1800 conterritus
864 1757 929 1816 ore,
1061 1752 1113 1802 165

104 1823 291 1908 Tyrrhenus
314 1824 499 1907 ferrumque
522 1845 622 1887 manu
643 1823 812 1887 reuocauit
834 1828 867 1889 et
890 1824 977 1889 ultro

102 1912 197 1976 Talia
220 1934 294 1976 cum
317 1911 440 1996 gemitu
460 1911 603 1976 lacrimis
627 1911 740 1975 effudit
761 1911 899 1976 obortis:

103 2000 181 2086 ‘Ne,
204 2020 335 2084 quaeso,
358 2000 495 2084 supplex
518 1999 623 2065 lucem
647 2000 826 2084 dubiusque
849 2021 993 2085 precare;

102 2089 166 2154 Fas
190 2089 319 2153 hostem
341 2110 471 2152 seruare
494 2088 584 2152 mihi.
621 2089 726 2153 multo
751 2088 894 2171 optimus
918 2089 973 2153 ille

102 2177 248 2260 Militiae,
272 2175 324 2241 cui
347 2185 548 2259 postremum
572 2180 622 2241 est
644 2178 858 2263 primumque,
882 2177 969 2241 tueri
1060 2194 1113 2244 171)

102 2265 194 2331 Inter
216 2265 305 2329 bella
326 2265 438 2329 fidem:
459 2270 497 2330 tu
520 2266 621 2329 letum
645 2266 781 2330 euadere
803 2265 898 2331 nobis

102 2353 170 2419 Das
193 2354 284 2436 prior
307 2357 340 2416 et
363 2375 473 2417 seruas
497 2354 640 2418 nondum
664 2358 811 2419 seruatus
835 2355 876 2418 ab
900 2354 1004 2420 hoste.

101 2441 199 2506 Haud
223 2441 370 2525 equidem
393 2442 527 2526 dignum
551 2446 680 2525 memet,
704 2465 785 2527 quae
809 2443 919 2507 tristia
941 2443 1018 2527 uidi,

103 2529 284 2594 Abnuerim
308 2529 505 2614 dignumque
529 2530 647 2595 iterum
671 2532 706 2594 in
728 2531 839 2615 peiora
862 2532 998 2616 reuolui,

103 2617 138 2682 Si
160 2618 223 2681 tibi
245 2638 303 2701 per
326 2617 450 2682 medios
473 2619 559 2701 ignis
582 2619 769 2702 mediosque
792 2642 849 2701 per
878 2620 965 2683 ensis
1062 2637 1113 2684 175

102 2705 178 2771 Non
202 2704 326 2769 dederit
349 2727 422 2768 mea
446 2706 559 2770 dextra
582 2707 689 2771 uiam'
727 2706 780 2772 Sic
802 2707 890 2771 fatur
915 2712 947 2771 et
970 2710 1056 2772 ultro

101 2794 237 2858 Attollit
260 2792 393 2877 uitaque
417 2798 577 2877 exaequat
599 2818 733 2860 munera
756 2796 852 2859 uitae.

175 3027 225 3075 149
244 3020 324 3074 Asilo
339 3024 397 3071 011⁵
415 3019 503 3087 Asylo
517 3023 601 3090 culpo
620 3022 723 3089 Asylae
741 3021 863 3089 Ruperti
882 3021 1067 3090 (11171111

103 3093 142 3147 X.
159 3095 224 3158 175)
335 3094 385 3143 152
408 3089 515 3160 Beryae
539 3098 576 3144 cn
603 3091 720 3145 berron
747 3092 884 3146 terraer
912 3092 996 3146 borea
1015 3096 1059 3143 07

101 3165 242 3218 remearat
260 3167 296 3214 611
369 3166 419 3215 153
439 3162 514 3215 eris
588 3167 638 3215 156
658 3164 800 3231 beryaov
829 3162 946 3216 berrat
973 3162 1081 3221 berrae?

101 3235 188 3289 boree
207 3238 226 3285 0
246 3234 337 3299 (ofin.
354 3234 419 3299 152)
502 3237 552 3287 161
572 3234 610 3286 At
628 3238 712 3284 61107
740 3234 780 3286 Ac
798 3239 840 3285 1AE
922 3239 972 3288 162
992 3234 1034 3289 Lu

101 3307 216 3374 temque
234 3304 319 3359 Blaec
337 3334 372 3344 -
391 3307 542 3356 cauom
561 3304 607 3357 cui
626 3308 668 3355 ov
776 3308 827 3358 167
847 3304 965 3359 effundit
984 3309 1002 3357 0
1030 3360 1033 3365 ,

102 3375 171 3430 ortis
195 3379 238 3427 0V
348 3380 398 3429 172
424 3373 480 3428 1111
506 3379 528 3426 7
560 3374 616 3428 1111
639 3378 700 3425 1110
811 3381 861 3430 173
885 3377 1001 3446 dignum

100 3444 249 3511 indignum
277 3451 293 3497 s
407 3448 458 3499 177
487 3444 621 3513 uitaque]
653 3445 785 3513 uictoque
819 3448 954 3503 Heinsius
990 3464 1005 3502 c

107 3516 219 3583 Withof
