2438 3924
195 169 236 234 18
591 169 660 224 SILI
678 169 810 226 ITALIOI

191 331 357 396 Aonidum
380 331 491 416 turba,
515 335 620 397 mater
643 331 762 396 mirata
786 335 964 397 canentem.

96 484 98 487 .
193 418 270 485 Non
293 420 352 485 illo
374 420 528 506 Pangaea
551 420 629 506 iuga
653 423 710 485 aut
731 418 913 486 Mauortius
936 420 1098 505 Haemus,

191 506 268 573 Non
290 507 348 573 illo
372 509 559 574 modulante
583 530 681 573 sonos
706 509 798 573 stetit
820 510 937 574 ultima
960 509 1101 592 Thrace3
1161 527 1211 577 465

192 595 274 661 Cum
298 597 391 662 siluis
414 618 533 662 uenere
555 596 659 680 ferae,
682 617 756 662 cum
779 598 946 663 montibus
971 620 1095 665 amnes.

190 683 368 751 Immemor
392 690 425 750 et
448 684 550 750 dulcis
572 684 641 749 nidi
663 685 837 770 positoque
860 688 973 752 uolatu

191 770 269 838 Non
292 778 383 840 mota
406 773 549 838 uolucris
573 772 705 858 captiua
727 772 882 858 pependit
903 775 937 839 in
962 774 1086 841 aethra.

192 861 278 938 Quin
301 862 410 946 etiam,
433 861 603 948 Pagasaea
625 864 706 927 ratis
730 883 804 927 cum
828 864 956 927 caerula
974 900 1019 910 -
1037 865 1190 930 nondum

191 946 333 1035 Cognita
356 954 504 1015 terrenae
523 987 569 1004 —-
585 955 774 1035 pontonque
796 951 919 1016 intrare
942 957 1093 1036 negaret,
1159 970 1211 1021 4⁷0

190 1036 243 1103 Ad
264 1039 401 1123 puppim
426 1060 550 1122 sacrae,
573 1039 700 1104 cithara
723 1039 885 1125 eliciente,
909 1039 1037 1118 carinae

189 1125 376 1193 Adductum
399 1131 498 1192 cantu
521 1128 612 1192 uenit
635 1150 752 1210 mare„
778 1128 900 1212 pallida
924 1149 1027 1213 regna

190 1214 359 1280 Bistonius
383 1219 475 1281 uates
498 1215 701 1301 flammisque
726 1215 912 1281 Acheronta
935 1219 1110 1282 sonantem

75 1331 78 1338 ·
160 1334 164 1341 ·
189 1303 338 1369 Placauit
359 1305 484 1388 pleotro
510 1309 543 1369 et
560 1305 637 1368 fixit
659 1305 839 1369 reuolubile
864 1327 986 1380 saxum.
1031 1303 1035 1312 '

190 1389 217 1456 0
241 1392 329 1457 dirae
353 1389 509 1458 (liconum
532 1396 653 1457 matres
669 1391 848 1476 ‘Geticique
869 1392 996 1458 furores
1159 1411 1211 1462 4⁵1⁶

188 1479 233 1544 nt
257 1480 409 1546 damnata
432 1480 500 1546 deis
524 1480 695 1565 Rhodopei
717 1481 796 1545 tulit
820 1503 877 1545 ora
899 1482 1030 1545 reuulsa

188 1567 229 1632 In
251 1573 403 1654 pontum,
424 1570 505 1653 ripis
529 1572 666 1655 utraque
689 1569 915 1654 sequentibus,
938 1569 1079 1634 Hebrus.

190 1655 274 1722 Tum
297 1680 439 1743 quoque,
463 1680 536 1723 cum
559 1658 667 1743 rapidi
690 1660 787 1743 caput
811 1680 830 1722 a
854 1657 977 1723 ceruice
1000 1657 1148 1725 recisum

188 1744 364 1812 Portarent
386 1746 518 1832 fluctus,
542 1748 650 1812 subito
675 1747 833 1811 emicuere
855 1768 913 1830 per
935 1744 1038 1811 undas

189 1834 243 1898 Ad
266 1857 413 1900 murmur
435 1840 506 1901 cete
529 1839 601 1900 toto
626 1835 807 1901 exultantia
829 1831 952 1919 ponto?
1024 1842 1027 1846 ’
1157 1853 1212 1903 480

191 1920 244 1986 Sic
266 1925 344 1987 tunc
367 1922 491 1988 Pierius
515 1923 612 1988 bellis
637 1923 754 1988 durata
776 1923 923 1987 uirorum

189 2008 327 2075 Pectora
351 2007 496 2076 Castalio
520 2010 693 2095 frangebat
716 2011 859 2076 carmine
882 2010 1053 2075 Teuthras.

233 2096 362 2162 Interea
384 2098 514 2183 placida
537 2100 717 2163 attulerant
738 2099 805 2162 iam
827 2097 960 2162 flamina
982 2099 1080 2163 terris

190 2184 364 2270 Magonem
387 2186 528 2269 Libycis.
573 2188 664 2251 lauro
688 2185 841 2251 redimita
865 2186 998 2250 subibat

190 2271 330 2358 Optatos
353 2274 473 2358 puppis
496 2277 623 2358 portus,
646 2275 827 2360 pelagoque
850 2273 1016 2340 micabant
1158 2294 1212 2345 485

191 2361 331 2446 Captiua
354 2384 445 2427 arma
467 2363 581 2446 procul
605 2363 692 2428 celsa
714 2363 874 2447 fulgentia
896 2385 1002 2447 prora.

189 2449 245 2532 At,
269 2451 383 2534 patulo
409 2472 545 2536 surgens
568 2451 635 2515 iam
658 2451 778 2516 dudum
802 2473 841 2515 ex
864 2473 1017 2537 aequore,
1039 2452 1108 2516 late

189 2536 349 2603 Nauticus
372 2539 531 2623 implebat
553 2540 741 2605 resonantia
764 2540 861 2606 litora
885 2541 1021 2622 clamor,

191 2627 245 2711 Et,
268 2627 365 2691 simul
388 2626 535 2692 adductis
558 2651 713 2713 percussa
735 2629 776 2694 ad
798 2633 932 2714 pectora
954 2627 1078 2713 tonsis,

191 2713 335 2780 Centeno
359 2714 482 2781 fractus
507 2718 680 2801 spumabat
702 2717 837 2782 uerbere
859 2721 988 2802 pontus.
1153 2736 1210 2785 490

263 3035 316 3086 466
334 3031 459 3087 fontibus
477 3031 614 3088 Schrader
699 3036 751 3087 468
769 3038 882 3086 morat
967 3036 1020 3086 469
1038 3049 1169 3102 pegasea
1187 3042 1210 3088 v

192 3117 334 3172 pegasaea
351 3107 413 3155 1010
468 3107 521 3158 4³10
538 3105 706 3158 terrenae!
733 3105 841 3157 terrene
860 3107 924 3155 ιον
950 3100 1101 3172 terrigenis
1120 3107 1210 3178 uulgo

191 3169 312 3227 terrenis
339 3172 474 3238 Heinsius
502 3204 535 3214 —
563 3175 725 3244 pontonque
752 3173 902 3229 Linincine
927 3179 952 3229 et
976 3173 1143 3230 Lachmann
1172 3179 1211 3232 ad

192 3243 277 3298 Lacr.
301 3242 333 3298 V.
353 3247 409 3300 507
430 3245 572 3314 pontoque
591 3250 607 3296 8
626 3275 659 3285 -
678 3246 795 3313 negaret
812 3244 961 3299 Iinincine
978 3249 1003 3299 et
1020 3243 1101 3300 Koch
1116 3263 1147 3316 p.
1168 3251 1211 3303 28

191 3315 364 3383 negarent!
441 3319 495 3368 4⁷3
518 3313 661 3370 Bistonius
680 3318 722 3366 ov
749 3313 913 3370 Bisthonius
930 3321 971 3367 H
1049 3320 1103 3370 4⁸1⁷
1127 3317 1210 3372 utra-

192 3400 246 3452 que
266 3390 282 3437 !
308 3384 448 3453 utrimque
465 3385 551 3456 wipo
569 3415 603 3426 -
622 3383 803 3454 querentibus
822 3385 958 3441 Sebradn
1028 3390 1082 3440 478
1105 3389 1210 3444 rescis-

190 3472 251 3508 sum
271 3453 407 3510 Scbrader
478 3461 529 3510 481
552 3457 621 3511 tunc
634 3461 675 3508 Π
699 3459 760 3511 tum
773 3461 797 3507 v
816 3458 882 3511 tuo
954 3460 1006 3511 483
1025 3455 1136 3527 placita
1155 3475 1210 3530 ap-

188 3525 320 3596 pulerant
340 3525 476 3582 Heinsius
494 3558 528 3566 -
547 3526 644 3598 terris]
662 3527 717 3583 teis
735 3533 756 3580 r
777 3529 824 3596 (cf.
840 3527 914 3582 XII.
928 3529 978 3594 90)
