2438 3924
104 164 148 230 68
502 161 720 217 srarrrnaror

103 327 176 392 Iam
198 331 257 391 tua
280 326 382 409 deque
405 325 471 390 tuis
494 324 669 411 pendentia
691 324 845 390 Dardana
868 325 955 392 fatie.

104 414 255 499 Namque
279 415 342 479 tibi
365 436 462 480 cerno
485 417 694 498 properatum
719 414 851 478 oracula
873 420 960 481 uitae
1065 432 1118 484 505

104 503 191 569 Hinc
214 506 324 588 petere
347 506 380 567 et
403 502 526 587 patrios
550 502 622 565 uisu
647 501 835 585 contingere
858 505 973 570 manis.

106 592 269 658 Armifero
293 591 398 656 uictor
420 594 548 675 patrem
570 589 733 655 ulcisceris
757 590 891 675 Hibero,

105 679 254 746 Creditus
279 683 355 745 ante
379 700 481 744 annos
505 678 614 762 Marti,
636 678 786 763 ferroque
809 682 954 746 resolues

107 768 233 834 Gaudia
256 768 439 833 Poenorum
463 772 496 831 et
520 767 654 831 missum
678 768 843 832 laetabere
867 769 955 835 bello

106 858 219 941 Omen,
241 855 424 923 Hiberiacis
447 855 534 920 uicta
557 852 756 940 Carthagine
779 856 885 922 terris.
1062 875 1116 925 510

104 945 211 1010 Maius
235 944 276 1008 ad
298 944 469 1027 imperium
493 943 631 1027 posthac
654 943 791 1029 capiere,
812 967 871 1009 nee
895 950 970 1011 ante

105 1033 230 1118 Iupiter
252 1033 391 1097 absistet
412 1053 497 1116 cura,
520 1054 618 1116 quam
641 1036 759 1097 cuncta
777 1034 902 1119 fugarit

102 1122 143 1186 In
167 1121 306 1205 Libyam
329 1121 417 1184 bella
440 1125 472 1185 et
495 1120 690 1185 uincendum
713 1121 840 1187 duxerit
862 1122 932 1206 ipse

106 1208 275 1275 Sidonium
297 1209 360 1273 tibi
382 1214 551 1275 rectorem.
587 1209 687 1293 pudet
709 1210 800 1275 urbis
822 1210 963 1296 iniquae,
1063 1226 1117 1276 514

105 1298 199 1375 Quod
212 1300 287 1383 post
304 1298 386 1362 haec
404 1297 499 1362 decus
517 1298 581 1362 hoc
599 1298 769 1382 patriaque
789 1299 949 1383 domoque
971 1299 1117 1367 carebit?

66 1425 69 1429 <
106 1384 159 1451 Sic
181 1390 276 1452 uates
300 1405 511 1470 gressumque
533 1387 622 1450 lacus
646 1387 797 1452 uertebat
820 1387 862 1451 ad
885 1392 982 1452 atros.

150 1475 233 1539 Tum
255 1474 393 1538 iuuenis:
418 1473 663 1558 ‘Quaecumque
686 1475 783 1540 datur
806 1497 876 1540 sors
901 1475 1012 1541 durior
1032 1478 1116 1561 aeui,
1216 1476 1218 1501 ¹

105 1561 318 1647 Obnitemur,'
342 1564 398 1648 ait,
420 1563 533 1646 ‘culpa
556 1563 653 1627 modo
676 1568 809 1648 pectora
833 1567 967 1631 cessent.

107 1650 179 1734 Sed,
202 1656 235 1716 te
259 1672 326 1732 oro,
350 1651 479 1734 quando
503 1651 590 1715 uitae
613 1651 676 1715 tibi
699 1673 796 1716 causa
818 1652 946 1717 labores
1214 1708 1217 1717 .

105 1739 276 1805 Humanos
299 1739 420 1804 iuuisse
442 1739 516 1824 fuit,
539 1739 627 1822 siste,
650 1740 763 1805 inclita
786 1739 892 1824 uirgo,
1061 1757 1116 1806 520
1214 1742 1217 1755 '

105 1828 276 1912 Paulisper
298 1849 447 1912 gressum
470 1832 503 1891 et
525 1828 620 1892 nobis
644 1830 811 1912 manisque
835 1829 990 1893 silentum

105 1916 271 1981 Enumera
290 1912 486 2000 Stygiaeque
509 1916 600 2001 aperi
620 1911 804 1982 formidinis
829 1916 957 1982 aulam?

150 2003 276 2068 Annuit
298 2004 359 2068 illa
382 2005 519 2088 quidem,
544 2005 613 2069 sed:
637 2003 730 2071 ‘Non
753 2005 896 2090 optanda
919 2006 1059 2071 recludis

19 2149 22 2154 .
106 2091 241 2176 Regna,'
249 2092 304 2155 ait.
319 2090 910 2177 ‘hictenebrashabitaniuolitantque
918 2116 976 2176 per
984 2095 1118 2159 umbras

106 2179 274 2244 Innumeri
297 2180 461 2262 quondam
483 2180 604 2263 populi.
641 2181 755 2244 domus
775 2181 924 2246 omnibus
943 2205 1018 2248 una.
1064 2199 1118 2248 525

108 2267 147 2332 In
170 2268 277 2332 medio
300 2271 430 2331 uastum
453 2268 520 2332 late
544 2290 579 2331 se
601 2268 705 2332 tendit
727 2268 836 2352 inane3

106 2355 188 2437 Huc,
213 2355 365 2439 quicquid
388 2359 504 2439 terrae,
527 2356 678 2440 quicquid
700 2355 786 2420 freta
808 2363 841 2422 et
863 2358 977 2442 igneus
1002 2381 1058 2422 aer

107 2442 258 2509 Nutriuit
280 2443 385 2527 primo
409 2444 522 2508 mundi
545 2445 698 2528 genitalis
723 2445 764 2509 ab
789 2468 878 2526 aeuo,

112 2569 150 2578 —-
162 2531 251 2597 Mors
271 2533 452 2597 communis
471 2534 542 2618 agit
555 2532 801 2599 -descendunt
820 2538 950 2619 cuncta3
968 2534 1121 2620 capitque

109 2620 251 2704 (lampas
270 2621 367 2705 iners,
387 2627 543 2704 quantum
561 2622 685 2686 interiit
703 2625 870 2706 restatque
888 2622 1042 2688 futurum.
1066 2639 1120 2689 530

63 2762 66 2769 .
110 2707 255 2794 Cingunt
275 2729 376 2794 regna
399 2710 509 2776 decem
531 2714 657 2794 portae:
681 2732 817 2794 quarum
841 2733 906 2776 una
927 2714 1074 2796 receptat

109 2799 300 2883 Belligeros,
323 2798 403 2863 dura
427 2798 561 2864 Gradiui
584 2804 670 2863 sorte
694 2803 829 2864 creatos.
916 2826 940 2849 x

110 2886 234 2971 Altera,
258 2887 313 2970 qui
337 2888 419 2973 legis
442 2909 579 2971 posuere
604 2891 700 2971 atque
724 2888 837 2953 inclita
860 2887 931 2952 iura

110 3012 324 3028 ————-¹-

183 3100 235 3150 505
256 3112 338 3152 cerno
348 3100 391 3148 ov
409 3098 490 3151 terno
500 3102 542 3148 Π
552 3127 586 3137 -
596 3096 802 3165 properandum
816 3097 940 3167 Scaliger
956 3098 1124 3166 propostam

112 3167 229 3236 Bentley
328 3172 380 3222 aot
399 3166 532 3222 Armiferi
546 3197 579 3207 -
594 3167 694 3221 Hiberi
713 3169 800 3223 Bothe
895 3172 946 3222 508
965 3169 1086 3222 martem
1106 3176 1123 3223 s

112 3242 165 3291 511
184 3236 304 3306 posthac
317 3243 400 3290 char
418 3239 483 3307 post
501 3239 571 3293 haee
585 3243 628 3291 ov
643 3268 676 3278 -
690 3237 800 3306 rapiere
814 3238 949 3294 Heinsius
991 3242 1125 3308 almost

112 3307 168 3361 hoo
186 3308 271 3362 decus
288 3325 317 3377 p.
338 3314 356 3360 ο
411 3314 463 3364 517
481 3309 555 3363 Dum
568 3313 605 3362 ch
624 3307 693 3363 Cum
707 3309 844 3364 Heinsius
902 3314 954 3363 519
972 3310 1124 3377 quandov

114 3380 255 3445 quomodo
268 3384 330 3431 tro
348 3379 395 3446 (T.
408 3396 438 3448 p.
451 3382 523 3449 242)
579 3385 630 3434 523
649 3377 790 3434 Adnuit!
809 3379 951 3435 AdimitL
969 3378 1123 3435 Adiuuito

112 3449 212 3504 Audiit
229 3454 252 3502 V
269 3456 339 3507 Μ
360 3452 392 3506 in
410 3451 538 3506 bennum
556 3452 649 3506 insert.
740 3455 791 3505 527
811 3456 894 3506 aeri
923 3449 1020 3506 aether
1038 3453 1125 3523 uulpo

114 3525 166 3574 532
186 3520 272 3593 dura]¹
283 3521 370 3576 cruda
384 3521 519 3578 Heinsius
529 3553 563 3562 —
573 3522 712 3577 crematos
727 3521 860 3590 Lefebure
879 3522 994 3576 necatos
1003 3522 1127 3594 Ruperti
