2438 3924
171 171 216 236 24
570 167 637 223 sur
655 165 788 223 irrora

176 334 266 398 Tunc
289 333 402 397 inerat.
436 331 527 397 molli
549 332 628 396 luxu
651 329 835 395 madefacta
856 342 1025 414 meroque,

175 420 343 486 llleeebris
367 421 472 485 somni
494 420 658 504 torpentia
681 419 827 484 membra
850 417 1003 483 fluebant.

176 509 255 586 Quis
279 509 404 594 gelidas
428 512 554 573 suetum
579 511 690 572 n'cc'tes
712 507 846 572 thorace
869 506 1015 592 grauatis
1164 524 1198 574 20

175 597 243 663 Sub
266 598 344 663 Ioue
366 619 433 663 non
456 618 558 681 aequo
581 597 712 660 trahere
735 600 768 660 et
790 595 932 660 tentoria
954 616 1052 679 saepe

177 684 350 772 Spernere,
372 685 430 750 ubi
452 684 589 749 hiberna
611 687 743 748 ruerent
765 706 838 749 cum
861 683 1018 769 grandine
1042 685 1166 770 nimbi,

178 774 227 841 Ac
249 797 290 839 ne
311 778 407 840 nocte
431 772 561 857 quidem
585 771 722 858 clipeiue
747 792 879 836 ensesue
901 773 1040 856 reposti,

177 862 253 929 Non
272 863 444 946 pharetrae
464 864 521 927 aut
538 860 654 946 iacula,
672 863 705 924 et
723 882 783 943 pro
803 861 957 925 membris
976 882 1071 926 arma
1090 861 1196 929 fuere:

176 951 261 1016 Tum
284 971 384 1035 graue
407 951 508 1015 cassis
532 970 614 1015 onus
638 948 824 1034 maioraque
847 949 992 1034 pondera
1013 951 1091 1015 uisa
1163 967 1195 1017 ao

176 1039 377 1122 Parmarum,
400 1059 439 1103 ac
460 1038 557 1102 nullis
580 1037 671 1102 fusae
695 1036 888 1102 stridoribus
911 1037 1035 1103 hastae.

219 1125 330 1191 Prima
352 1128 590 1191 instaurantem
615 1125 717 1190 sensit
738 1126 917 1190 certamina
939 1127 1031 1190 mitis

176 1213 393 1298 Parthenope,
416 1235 481 1280 non
505 1214 595 1278 diues
620 1235 733 1298 opum,
756 1236 822 1286 uon
846 1217 956 1298 spreta
979 1214 1125 1300 uigoris3

178 1301 244 1367 Sed
266 1305 381 1387 portus
405 1307 533 1367 traxere
557 1302 670 1367 dudem
694 1323 807 1367 secura
831 1303 994 1367 uolentem

177 1390 341 1475 Aequora,
364 1412 445 1475 quae
469 1394 595 1474 peteret
618 1391 750 1456 ueniens
774 1388 972 1476 Carthagine
996 1393 1133 1478 puppis.
1164 1409 1198 1460 so

176 1477 272 1544 Nunc
295 1478 410 1544 molles'
433 1479 506 1543 urbi
528 1478 610 1543 ritus
634 1482 731 1561 atque
754 1476 884 1563 hospita
908 1476 1012 1545 Musis

178 1565 255 1632 Otia
278 1571 310 1631 et
334 1570 519 1653 exemptum
543 1567 628 1632 euris
653 1566 859 1652 grauioribus
883 1588 1007 1632 aeuum.

179 1654 329 1721 Sirenum
352 1656 442 1722 dedit
465 1668 529 1720 una
548 1677 651 1740 suum,
671 1646 889 1740 memorabile,
912 1670 1032 1721 nomen

177 1743 383 1830 Parthenope
407 1745 508 1810 inuris
531 1743 718 1828 Acheloias,
742 1764 882 1828 aequore
905 1744 995 1809 cuius

178 1831 368 1918 Reguauere
392 1833 446 1898 diu
469 1837 600 1918 cantus,
621 1844 694 1898 eu'm
718 1833 808 1898 dulce
830 1849 889 1917 per
911 1833 1015 1898 undas
1166 1848 1201 1902 35

178 1921 324 1986 Exitium
348 1921 475 1986 miseris
499 1925 630 1986 caneret
652 1943 719 1986 non
741 1938 899 2006 prospera
921 1921 1040 1986 nautis.

178 2007 268 2073 Haec
281 2030 365 2092 pone
381 2016 689 2093 aggressus-nani
699 2008 840 2073 frontem
851 2011 1013 2074 clauserat
1023 2030 1203 2096 aequor—

179 2095 319 2179 Moenia‚
341 2118 407 2160 non
430 2096 516 2161 ullas¹
540 2096 644 2161 ualuit
667 2096 867 2181 perfringere
890 2097 1018 2163 Poenus

180 2184 264 2248 Tota
288 2185 373 2248 mole
396 2185 467 2248 uias
490 2184 676 2268 frustraque
699 2184 861 2268 inglorius
885 2186 955 2249 ausi

178 2271 330 2337 Pulsauit
344 2271 502 2358 *quatiens
526 2272 711 2337 obstructas
736 2273 837 2336 ariete
860 2277 982 2357 pertas.
1167 2296 1204 2346 ιο

180 2359 297 2425 Stabat
320 2359 508 2426 Cannarum
531 2360 631 2425 Graia
654 2361 695 2426 ad
718 2361 898 2427 munimina
920 2362 1027 2427 uictor

101 2446 105 2453 ⁴
179 2447 403 2534 Nequicquam
426 2450 459 2512 et
482 2453 596 2514 cautae
620 2451 738 2514 mentis
762 2451 910 2515 consulta
931 2444 1095 2534 probabat

179 2535 323 2621 Euentu,
346 2538 401 2623 qui
423 2541 500 2621 post
523 2536 631 2603 Dauni
655 2538 843 2624 stagnantia
866 2558 966 2625 regna

180 2622 345 2711 Sanguine
369 2624 525 2710 Tarpeias
549 2627 596 2690 ire
621 2626 895 2711 abstinuissetad
918 2640 1020 2692 arces.

180 2713 257 2798 Ἕ11,
282 2713 338 2799 qui
360 2735 420 2778 nos
444 2734 559 2800 segnes
583 2716 616 2780 et
638 2716 762 2780 nescire
786 2714 901 2780 addere
925 2734 1054 2780 cursum
1166 2736 1203 2788 45

180 2904 394 2912 ——-

254 3036 286 3086 18
304 3029 445 3086 labefacta
459 3030 593 3085 Heinsius
606 3035 632 3085 ci
644 3029 781 3086 Schrader
837 3035 868 3084 19
887 3028 924 3083 Et
942 3029 1032 3084 somni
1051 3028 1203 3091 illecebris

183 3101 316 3156 Heinsius
422 3106 457 3155 24
475 3100 571 3156 fouere
588 3100 724 3156 Heinsius
829 3105 864 3155 15
883 3100 955 3154 Tum
973 3104 991 3153 Ι
1013 3100 1092 3154 Tunc
1110 3106 1204 3179 aalys>

181 3176 216 3226 28
238 3172 300 3227 tum
318 3176 373 3241 spr.
392 3191 419 3226 u.
439 3171 575 3227 Heinsius
602 3180 659 3226 non
677 3170 754 3226 laeta
771 3172 815 3226 uri
836 3169 897 3226 feta
914 3188 941 3226 u.
960 3170 1112 3228 Burmann
1141 3191 1202 3231 non

181 3244 261 3298 sueta
278 3241 372 3312 uigori
389 3242 526 3298 Schrader
597 3248 632 3298 80
651 3240 749 3296 Litora
767 3242 904 3298 Schrader
917 3271 951 3283 —
971 3256 1041 3310 quos
1059 3241 1204 3303 Heinsius

180 3319 213 3368 31
233 3313 314 3368 Nunc
333 3318 391 3365 0111
415 3311 489 3368 Nam
507 3315 592 3439 cange
646 3318 680 3368 33
699 3329 780 3367 suum
799 3313 829 3368 et
845 3313 990 3368 Nicander
1007 3311 1065 3367 suis
1085 3315 1212 3387 (11111111)Ι

181 3384 316 3439 Heinsius
343 3399 452 3438 sacrum
476 3385 505 3439 et
568 3385 648 3452 ithai,
666 3385 713 3440 sed
731 3385 766 3452 cf.
781 3384 841 3439 III.
857 3388 914 3441 669
985 3384 1020 3438 31
1038 3394 1114 3453 peno
1133 3386 1204 3442 mv

180 3462 271 3524 poeno
294 3458 368 3506 r-
387 3458 534 3524 segressus
556 3460 577 3507 r
607 3466 734 3524 egressus
752 3459 817 3508 mv
888 3459 1061 3510 1113911011
1080 3454 1145 3511 ulla
1166 3490 1201 3501 -

180 3525 267 3580 'lutae
285 3525 330 3581 uei
348 3541 406 3580 non
423 3525 496 3581 ullas
515 3555 548 3566 -
567 3523 641 3580 Tuta
658 3525 794 3582 Heinsius
