2438 3924
152 179 174 241 4
540 179 610 232 alul
627 179 764 235 ITALICI

150 339 309 406 Consulto
333 345 366 406 at
393 340 527 405 tumidis
550 340 693 406 incendit
715 341 850 406 uocibus
875 362 979 423 aures,

152 426 313 494 Concordi
335 429 469 494 fremitu
493 438 684 494 renuentum
709 429 885 493 effamditur
908 451 1003 513 asper
1139 447 1173 494 ro

152 517 236 582 Toto
260 541 277 582 e
302 517 439 583 concilio
463 518 601 595 clamor;
624 522 693 582 tum
718 518 854 603 quisque
876 517 999 603 fatigat

153 605 366 692 Increpitans,
389 627 570 691 uocumque
593 606 705 671 tremit
727 606 902 672 certamine
925 606 1093 690 templum

195 694 259 760 Hic
280 694 475 779 Torquatus,
499 717 596 759 auum
619 694 726 759 fronte
751 695 941 780 aequauisse
966 716 1079 759 seuera

156 781 300 848 Nobilis:
324 783 411 847 ‘Heu
432 782 545 867 Capua
566 787 734 868 portantes
757 784 837 848 talia
860 783 948 848 dieta

36 883 37 888 ’
153 871 321 936 Romuleis
345 871 509 954 durastia'
534 871 590 953 ait,
613 870 799 937 ‘succedere
822 871 948 937 muris?
1138 889 1172 936 ⁷5

153 958 208 1023 Ad
233 982 313 1044 quos
337 980 404 1023 non
426 959 497 1024 ausi
521 957 687 1044 Carthago
712 964 810 1044 atque
831 959 998 1024 Hannibal
1022 981 1116 1024 arma

151 1048 232 1112 Post
256 1046 383 1113 Cannas
408 1048 522 1113 afferre
545 1048 642 1113 suas?
665 1071 887 1131 numquamne
912 1070 970 1133 per
995 1048 1083 1112 auris

151 1136 183 1199 It
205 1139 342 1220 uestras,
364 1137 398 1200 in
421 1135 560 1220 Tarpeia
584 1158 658 1201 cum
682 1136 757 1201 sede
778 1137 888 1201 Latini

154 1221 294 1288 Orarent
316 1223 420 1308 paria,
442 1225 528 1289 haud
549 1225 670 1308 uerbis,
692 1225 778 1290 haud
802 1247 890 1309 uoce,
914 1225 968 1289 sed
994 1226 1061 1290 aori

151 1311 346 1397 Propulsum
370 1312 492 1397 dextra,
516 1313 665 1399 quitum
688 1314 842 1379 mandata
866 1314 1006 1397 superbo
1137 1332 1172 1380 80

155 1399 218 1464 Ore
242 1401 449 1486 apportabat,
471 1406 565 1466 tanto
588 1423 646 1486 per
669 1402 783 1467 limina
805 1403 919 1486 templi

153 1488 298 1554 Turbine
320 1489 532 1574 praecipitem
552 1491 695 1555 reuoluti
718 1497 861 1576 corporis
885 1495 1003 1574 actum,

154 1576 212 1662 Ut,
235 1600 332 1644 saeuo
357 1578 497 1644 afflictus
521 1600 609 1663 saxo,
632 1583 799 1663 spectante
822 1580 927 1664 piaret

153 1666 275 1732 Tristia
299 1667 386 1732 dicta
407 1667 486 1733 Ioue
510 1672 543 1733 et
565 1668 671 1732 lueret
693 1669 793 1732 uerba
815 1667 917 1752 impia
939 1668 1028 1731 leto?

154 1754 206 1819 En
231 1777 292 1842 ego
316 1757 487 1840 progenies
511 1757 589 1841 eius,
612 1756 668 1840 qui
691 1758 767 1822 sede
790 1755 948 1821 Tonantis
1138 1774 1173 1822 85

153 1843 292 1928 Expulit
314 1849 461 1909 orantem
486 1847 519 1909 et
541 1846 628 1909 nuda
651 1842 817 1930 Capitolia
837 1844 950 1909 consul

153 1931 309 1996 Defendit
331 1931 465 1998 dextra?
498 1932 658 1997 Rabidum
680 1933 756 1998 hinc
779 1932 968 2017 palmasque
991 1931 1141 1999 uirorum

155 2019 376 2084 Intentantem
400 2020 503 2084 oculis
526 2020 740 2104 proauitaque
762 2021 850 2084 facta
872 2024 1040 2103 parantem

155 2106 202 2172 Ut
226 2107 310 2171 uidit
331 2108 455 2171 maiore
479 2107 559 2172 adeo
583 2107 768 2173 crudescere
792 2111 893 2191 motu,

154 2194 289 2280 Excipit
311 2195 363 2259 his
387 2195 539 2260 frendens
557 2194 692 2260 Fabius:
715 2194 791 2260 ‘Pro
815 2199 932 2260 cuncta
954 2196 1111 2278 pudendit
1137 2218 1173 2265 9ο

156 2281 265 2363 Sedes,
289 2305 371 2367 ecce,
392 2287 495 2367 uacat,
518 2284 598 2348 belli
620 2284 753 2349 uiduata
775 2284 932 2369 procella3

155 2372 268 2456 Quem,
291 2393 421 2457 quaeso,
445 2394 462 2436 e
486 2372 581 2438 uobis
603 2372 679 2438 huic
702 2373 897 2458 imposuisse
920 2373 1066 2457 paratis?

153 2461 256 2545 Inque
280 2461 388 2526 locum
410 2459 502 2525 Pauli
526 2483 698 2545 quemnam
723 2461 830 2526 datis?
855 2485 897 2526 an
919 2467 986 2544 tua,
1008 2461 1108 2547 Uirri,

156 2548 267 2613 Prima
290 2553 387 2634 atque
412 2553 487 2614 ante
511 2549 592 2614 alias
616 2572 697 2633 sors,
720 2550 914 2616 concedente
939 2554 1062 2632 senatu,

156 2637 201 2701 Te
225 2637 306 2702 citat
330 2659 367 2703 aa
390 2638 511 2703 nostris
535 2642 653 2723 aequat
675 2638 741 2704 iam
764 2661 907 2723 purpura
930 2637 1066 2703 Brutis?
1138 2659 1172 2706 95

155 2725 181 2811 Ι,
205 2726 345 2810 demens,
367 2724 389 2811 i,
412 2748 476 2810 quo
499 2727 620 2812 tendis3
643 2727 704 2793 tibi
726 2728 850 2812 perfida
872 2729 977 2792 fasces

227 2906 262 2955 69
280 2902 310 2955 et
328 2916 378 2955 om.
398 2906 417 2952 9
505 2907 538 2955 71
557 2901 632 2984 tam]
652 2919 735 2972 quem
754 2904 799 2957 uei
817 2901 892 2970 quod
910 2903 954 2956 uei
973 2919 1028 2970 quo
1048 2901 1173 2971 Ruperti

156 2987 222 3024 nam
241 2972 286 3025 uei
304 2970 371 3024 dum
389 2987 439 3026 rros
499 2977 531 3025 79
551 2971 646 3026 fremit
664 2973 800 3028 Schrader
855 2977 890 3025 74
909 2974 1020 3042 Capuae
1034 2971 1173 3032 Heinsius

158 3045 192 3094 75
210 3039 362 3096 Romuleos
378 3072 410 3081 -
425 3058 520 3096 muros
533 3042 655 3111 Ruperti
668 3045 728 3098 coli.
746 3044 783 3099 X.
799 3048 854 3098 596
911 3048 944 3097 77
959 3060 1141 3112 nunquamne
1157 3053 1173 3099 8

159 3112 321 3165 '18nostras
342 3117 360 3164 ο
458 3118 492 3166 81
511 3114 681 3182 apportabat
699 3120 736 3166 ch
760 3115 926 3184 asportabat
945 3120 961 3166 9
981 3145 1012 3154 -—
1034 3114 1134 3170 limina
1154 3122 1173 3169 0

156 3181 264 3235 lumina
281 3186 347 3234 LFV
369 3184 416 3250 (cf.
431 3201 459 3237 u.
473 3187 543 3252 103)
635 3190 669 3239 84
688 3184 767 3256 ioue]
792 3187 894 3239 leuet
984 3190 1017 3238 87
1039 3185 1174 3242 rabidum

157 3252 198 3306 ed.
214 3253 280 3307 Alci.
308 3252 439 3321 rapidum
458 3260 516 3307 ch!
536 3285 570 3308 -.
589 3255 655 3309 hinc
673 3262 711 3308 ch
782 3261 815 3310 88
834 3256 1058 3311 inununsnov
1077 3257 1173 3314 Inten-

156 3324 216 3376 tam
234 3329 255 3375 r
332 3329 366 3379 90
385 3329 486 3394 proed
504 3326 550 3393 (T.
561 3343 592 3395 p.
606 3330 674 3396 215)
694 3357 728 3366 -
747 3342 835 3397 prope
853 3325 952 3382 iuncta
965 3327 1101 3383 Heinsius
1120 3347 1174 3398 pro

156 3396 295 3448 monstra!
315 3394 381 3464 pud.
400 3394 550 3451 Burmann
569 3412 620 3466 pro
640 3415 750 3453 summa
768 3415 795 3466 p.
816 3397 952 3454 Schrader·
1039 3403 1071 3451 91
1092 3403 1174 3472 ecce]

157 3480 215 3519 una
233 3465 371 3521 Schrader
464 3472 498 3522 92
522 3466 588 3522 haio
607 3473 651 3520 ΙΝ
678 3467 745 3524 hinc
762 3474 804 3521 ro
902 3474 935 3524 94
959 3470 1025 3524 ante
1044 3469 1115 3524 alias
1137 3478 1176 3525 ch

159 3551 184 3589 a.
204 3533 306 3590 alioss
380 3541 413 3590 95
431 3536 573 3593 uestriso
660 3559 663 3563 ⁷
747 3557 750 3562 ·
