2438 3924
144 139 190 203 44
543 138 614 193 SlLI
631 137 763 193 ITALlCl

147 300 251 367 Uobis
274 301 321 366 ite
344 322 438 385 pares
463 304 496 365 ct
519 305 648 366 tanturn
672 300 787 365 audete
812 299 872 364 sub
897 301 1011 385 armis,

147 390 313 465 Quantum
327 390 432 456 Roma
446 390 549 454 timet.
575 390 734 474 reliquam
749 389 833 455 hanc
851 389 1015 455 excindite
1032 391 1165 478 molem3

146 478 213 561 Nil,
236 478 321 562 quod
344 479 495 553 uincatis,
518 483 589 543 toto
613 478 752 543 restabit
774 479 808 541 in
832 477 920 543 orbe.
1118 497 1163 546 081

145 566 219 632 Νο0
242 568 356 652 populi
379 589 438 632 uos
461 565 666 650 Martigenae
689 566 827 632 tardarit
850 567 960 651 orig03

144 656 306 721 Intratam
331 655 496 722 Senonum
520 656 655 739 capietis
680 655 812 720 milibus
836 655 951 719 urbem

145 746 386 828 Assuetamque
410 744 491 828 capi.
526 743 666 808 fortasse
690 744 855 809 curulibus
879 743 957 808 altis

145 834 216 899 Iam
239 855 308 916 uos,
331 834 479 916 exemplo
503 855 710 918 proauorum,
735 833 776 897 ad
797 831 906 898 nobile
929 833 1038 898 letum
1118 852 1167 901 080

145 921 332 1007 Expectant
355 923 394 987 dc
418 944 506 987 more
531 943 622 986 senes
646 922 809 1005 mortique
832 921 1015 1005 parantur?

191 1010 324 1074 Talibus
347 1010 401 1075 hic
424 1010 565 1095 Poenus;
590 1009 645 1074 sed
669 1014 783 1074 contra
806 1008 962 1075 Oenotria
984 1012 1098 1094 pubes

146 1097 178 1162 N
181 1120 224 1163 on
245 1099 331 1163 ullas
356 1121 451 1164 uoces
476 1099 566 1164 ducis
590 1102 647 1163 aut
669 1102 844 1184 praecepta
866 1097 1014 1181 requirit.

148 1187 206 1251 Sat
230 1191 350 1252 matres
375 1188 545 1252 stimulant
565 1188 700 1272 natique
723 1191 756 1252 et
779 1210 855 1253 cara
877 1185 1014 1270 supinas

147 1275 351 1340 Tendentum
374 1278 500 1359 palmas
524 1277 792 1360 lacrimantiaque
812 1298 869 1341 ora
887 1279 1076 1359 parentum.
1116 1296 1166 1345 090

148 1362 323 1429 Ostentant
345 1387 465 1448 paruos
489 1367 665 1450 uagituque
689 1365 790 1430 incita
812 1364 944 1448 pulsant

148 1451 254 1519 Corda
277 1454 393 1535 uirum,
416 1455 550 1518 armatis
574 1455 715 1538 infigunt
739 1455 850 1519 oscula
874 1452 1008 1518 dextris.

146 1539 200 1607 Ire
224 1541 340 1607 uolunt
364 1546 397 1606 et
420 1565 479 1626 pro
502 1543 605 1609 muris
629 1565 793 1627 opponere
817 1542 908 1607 densi

146 1629 284 1696 Pectora
306 1636 554 1716 respectantque
579 1653 654 1696 suos
678 1631 852 1715 fletumque
875 1632 1062 1698 resorbent.

147 1719 195 1785 Ut
217 1742 295 1785 uero
318 1721 460 1804 impulso
483 1721 664 1803 patefactae
688 1720 817 1784 cardine
840 1723 954 1804 portae
1115 1740 1166 1790 090

146 1808 192 1873 Et
216 1808 314 1873 simul
339 1810 446 1893 erupit
469 1809 567 1874 motis
591 1808 753 1873 exercitus
778 1811 887 1892 armis,
934 1828 938 1833 ·

146 1896 309 1961 Funditur
331 1897 499 1961 immixtus
524 1898 650 1982 gemitu
673 1898 887 1982 precibusque
911 1918 969 1981 per
992 1898 1086 1966 altos

146 1985 200 2050 Ad
222 1986 350 2050 caelum
373 2007 483 2050 muros
507 1987 656 2071 plangor,
679 2008 877 2070 sparsaeque
901 1986 1022 2052 solutis

147 2073 299 2140 Crinibus
323 2074 495 2138 exululant
518 2077 639 2138 matres
664 2079 762 2158 atque
785 2076 886 2140 ubera
907 2075 1047 2142 nudant.

146 2161 282 2227 Fuluius
307 2163 501 2227 anteuolans
526 2182 656 2247 agmen:
681 2161 777 2240 ‘Quis
801 2161 946 2247 nesciat'
970 2163 1097 2253 inquit,
1116 2185 1169 2235 000

147 2251 237 2318 ‘Non
261 2254 377 2334 sponte
401 2251 442 2315 ad
465 2254 597 2316 nostros
620 2251 765 2316 Poenum
789 2253 917 2317 uenisse
940 2254 1101 2335 penatis?

148 2345 178 2404 A
201 2341 307 2425 portis
330 2339 417 2424 fugit
439 2338 591 2423 Capuae?
631 2338 827 2406 Subnectere
850 2342 945 2425 plura

147 2428 329 2495 Conantem
353 2429 458 2492 tristis
482 2429 563 2494 caeli
586 2451 659 2494 cum
683 2452 847 2494 murmure
870 2433 966 2495 uasto

147 2517 307 2583 Turbauit
329 2516 443 2602 fragor
467 2521 499 2581 et
523 2518 633 2582 subita
656 2518 694 2582 de
717 2519 803 2583 nube
824 2518 996 2602 procellae.

190 2605 325 2690 Iupiter,
348 2605 548 2689 Aethiopum
571 2629 719 2671 remeans
743 2607 869 2690 tellure,
892 2607 1078 2693 minantem
1111 2628 1170 2679 000

74 2708 77 2713 ’
147 2695 306 2761 Romuleo
329 2693 474 2760 Poenum
499 2699 536 2759 ut
559 2695 641 2759 uidit
664 2696 834 2761 succedere
857 2697 956 2780 uallo,

148 2784 320 2852 Caelicolis
344 2784 468 2867 raptim
493 2783 617 2867 excitis,
641 2784 811 2849 defendere
835 2787 923 2850 tecta

148 2874 302 2940 Dardana
325 2877 358 2938 00
381 2873 415 2937 10
439 2876 565 2956 septem
590 2872 766 2937 discurrere
790 2874 930 2940 iusserat
951 2894 1058 2943 arces.

219 3160 270 3210 009
291 3155 430 3211 11001000
474 3163 525 3212 582
545 3156 587 3212 Ne
602 3162 638 3210 00
683 3161 735 3212 080
754 3158 832 3212 adn.
847 3156 989 3212 10000000
1043 3160 1170 3219 081010

147 3227 264 3283 Marsua
291 3226 357 3280 hinc
384 3233 448 3280 Lrv
480 3228 561 3296 huic,
589 3244 658 3283 corr.
682 3231 714 3282 ia
741 3228 785 3283 his
813 3234 832 3281 0
959 3232 1012 3284 099
1036 3230 1108 3289 seat
1123 3236 1171 3289 οἳ

147 3304 199 3354 096
218 3297 302 3353 motis
322 3303 359 3350 00
383 3298 504 3353 0100108
532 3299 634 3353 iunctis
653 3301 738 3369 culpo
751 3300 832 3368 prob.
847 3300 932 3355 Blacs
968 3302 1023 3355 099
1041 3300 1171 3373 plangor
1207 3366 1211 3373 ,

146 3370 282 3426 Heinsius
302 3367 418 3438 clangor
437 3377 453 3423 8
551 3375 603 3426 803
622 3369 725 3441 tristis]
743 3369 788 3425 his
807 3370 893 3427 dictis
910 3369 1050 3427 Heinsius
1077 3372 1170 3433 dictis

146 3443 191 3498 uel
210 3440 286 3494 dirus
305 3438 425 3510 Ruperti
443 3472 477 3481 -
498 3442 573 3512 curn]
595 3443 655 3495 tum
668 3447 733 3493 009
757 3441 858 3496 dumo
931 3446 983 3497 097
1003 3440 1087 3499 Caeli

147 3531 168 3571 r.
189 3512 294 3569 excitos
315 3512 427 3567 600000
499 3517 551 3568 008
570 3511 738 3584 discurrere]
759 3512 929 3570 descendere
947 3517 971 3564 v
