2438 3924
410 176 628 233 Puulcoaun
645 177 755 233 LIBER
773 176 820 232 XI.
1075 177 1117 242 19

104 340 175 406 Nec
197 341 323 405 lentum
345 339 380 404 in
403 340 526 405 medios
550 339 705 423 rapienda
728 339 768 404 ad
792 339 911 426 gaudia
933 341 1051 426 uulgus

101 429 270 494 Procurrit
291 428 424 513 fluctus,
448 428 599 512 elataque
621 427 720 492 turba
741 427 855 493 fauore

105 516 264 582 Certatim
286 517 413 602 ingenti
436 516 581 581 celebrat
603 537 689 581 noua
712 516 832 668 gaudia
854 517 978 600 plausu.

102 609 273 691 Aequatur
296 611 403 672 rector
424 605 517 670 diuis.
550 605 644 669 illum
666 605 808 689 unique
832 609 966 690 matres,

101 695 201 759 Illum
223 695 321 759 turba
344 693 459 779 minor,
483 692 602 759 moniti
625 693 764 778 gaudere
786 698 932 778 nepotes,
1066 708 1119 759 495

102 782 150 848 Et
174 783 284 848 senior
307 803 422 847 manus
446 786 480 847 et
502 782 594 846 iuxta
616 783 820 867 populusque
843 786 1016 866 patresque

101 871 258 936 Mactatis
281 892 434 955 superum
457 870 632 954 dignantur
654 870 779 936 honore
802 869 955 936 iuuencis.

103 958 157 1024 Sic
179 959 322 1044 patriam
345 957 444 1045 Mago
469 964 503 1024 et
525 962 637 1043 portas
661 959 829 1043 ingressus
853 959 983 1024 ouantis

100 1047 280 1113 Fraternae
303 1048 409 1113 laudis
431 1047 530 1112 fama.
561 1047 629 1112 ruit
650 1047 725 1112 inde
749 1052 896 1132 senatus,

101 1136 147 1200 Et
170 1138 274 1202 multo
297 1139 428 1220 patrum
451 1135 593 1220 stipatur
616 1135 705 1200 curia
727 1141 830 1201 coetu.
1064 1150 1117 1201 ⁶00

101 1225 187 1289 Tum
210 1225 302 1290 diuos
324 1228 500 1290 ueneratus
522 1246 620 1289 auum
643 1224 682 1288 de
706 1246 796 1289 more
819 1225 964 1289 uetusto:

101 1311 278 1397 ‘Martemss
303 1312 362 1394 uit,
385 1311 569 1398 ‘egregium
594 1317 627 1376 et
649 1313 785 1396 fractas,
813 1311 886 1397 quis
909 1311 995 1377 Itala
1017 1311 1124 1377 tellus·

100 1401 292 1484 Nitebatur,
315 1423 405 1485 opes,
428 1422 505 1486 pars
528 1401 599 1486 ipse
620 1401 709 1466 haud
732 1422 836 1486 parua
857 1400 1020 1485 laborum,

100 1489 236 1556 Nuntio.
269 1493 451 1576 pugnatum
475 1490 600 1574 superis
624 1489 659 1553 in
681 1493 761 1555 uota
784 1489 942 1554 secundis.

101 1578 163 1642 Est
185 1579 291 1662 locus,
313 1578 426 1642 Aetoli
450 1579 560 1663 signat
584 1597 680 1661 quem
704 1577 809 1663 gloria
831 1576 933 1660 regis,
1063 1591 1116 1641 ooo

100 1665 277 1732 Possessus
300 1665 464 1750 quondam
486 1667 594 1750 prisca
616 1665 702 1728 inter
725 1665 856 1729 saecula
878 1664 1010 1748 Dauno;

101 1753 253 1820 Umentis
276 1754 389 1839 rapido
414 1752 593 1818 circumdat
616 1752 747 1838 gurgite
771 1773 902 1835 campos

100 1842 238 1907 Aufidus
260 1846 295 1906 'et
319 1841 445 1926 stagnis
468 1840 635 1925 intercipit
657 1862 737 1905 arua
758 1839 889 1922 refusis3

100 1928 179 1995 Mox
201 1929 318 1994 fluctus
340 1928 419 1994 ferit
441 1927 622 1994 Hadriacos
645 1948 830 2014 magnoque
852 1927 983 2014 fragore

101 2017 276 2084 Cedentem
299 2017 439 2101 impellit
461 2020 623 2082 retrorsus
645 2018 681 2081 in
704 2038 846 2103 aequora
868 2020 1012 2101 pontum.
1063 2034 1116 2083 510

99 2106 164 2171 Hic
186 2105 294 2172 Uarro
319 2111 352 2171 et
374 2124 532 2191 magnum
555 2105 650 2171 Latia
672 2106 758 2170 inter
780 2106 914 2170 nomina
934 2105 1057 2172 Paulus

99 2194 243 2279 Nomen,
266 2195 339 2279 quis
363 2215 471 2259 rerum
495 2194 630 2260 ducibus
653 2194 812 2279 permissa
834 2196 994 2278 potestas,

99 2282 164 2349 Uix
186 2284 264 2349 dum
287 2283 423 2368 depulsa
445 2283 560 2369 nigrae
584 2283 723 2367 caligine
745 2282 867 2365 noctis,

99 2371 265 2436 Inuadunt
288 2393 439 2455 campum
463 2376 497 2435 et
519 2372 586 2437 late
607 2370 811 2457 fulgentibus
836 2370 936 2435 armis

101 2459 293 2525 Accendunt
314 2460 402 2524 ultro
426 2461 532 2525 lucem
557 2460 720 2544 surgentis
744 2459 815 2525 Eoi.
1062 2474 1114 2522 516

101 2548 172 2614 Nos
195 2552 370 2613 contra-
391 2569 468 2612 nam
492 2568 680 2632 germanum
703 2548 795 2612 furor
819 2569 892 2612 acer
916 2548 1035 2631 agebat

104 2635 246 2720 Optatae
269 2657 458 2722 pugnae-
481 2637 597 2701 castris
621 2637 686 2701 cita
710 2637 804 2720 signa
827 2657 1004 2700 mouemus.

100 2724 253 2789 Intremit
275 2729 307 2788 et
329 2725 440 2802 tellus,
464 2727 497 2789 et
519 2726 632 2808 pulsus
656 2726 763 2810 mugit
784 2724 953 2808 Olympus.

99 2812 163 2877 Hic
184 2812 317 2876 fluuium
342 2817 375 2878 et
398 2833 529 2897 campos
553 2813 723 2878 abscondit
747 2813 841 2876 caede
866 2813 1010 2875 uirorum

99 2899 235 2980 Ductor,
259 2921 322 2986 quo
345 2922 522 2984 numquam
547 2901 704 2966 maiorem
729 2902 770 2964 ad
789 2901 876 2963 bella
895 2899 1041 2962 tulerunt
1061 2916 1112 2965 520

170 3188 222 3236 493
242 3181 367 3237 celebrat
380 3187 438 3235 ch!
457 3179 600 3236 celebrant
614 3180 698 3247 culpo
708 3209 741 3218 -
752 3178 868 3250 gaudia]
884 3180 1010 3247 praemia
1024 3180 1111 3234 Bothe

97 3259 150 3308 497
175 3253 306 3321 dignatur
325 3258 341 3304 8
432 3258 482 3307 507
507 3251 636 3306 Umentie
655 3255 696 3302 LE
720 3248 852 3303 Umentes
872 3257 906 3301 cu
930 3251 974 3316 (T.
991 3268 1020 3317 p.
1040 3254 1110 3318 216)

98 3322 248 3378 Humentie
266 3328 289 3374 V
308 3323 436 3378 Uiuentis
456 3328 475 3375 0
547 3328 598 3377 608
618 3319 794 3389 interstrepit
812 3323 856 3375 uel
881 3322 1009 3375 interluit
1029 3322 1112 3376 Blces

97 3399 149 3449 511
169 3393 250 3448 Hunc
269 3394 356 3449 Bothe
410 3399 462 3449 512
480 3393 585 3448 Lumen
607 3393 738 3447 Heinsius
793 3397 844 3446 516
864 3392 1027 3446 Accendunt
1046 3396 1111 3444 rov

97 3464 280 3520 AcceduntI.
306 3463 461 3520 Offundunt
478 3465 523 3520 oet
544 3463 728 3519 Abscondunt
746 3462 830 3517 Blcse
906 3467 958 3515 518
982 3462 1113 3517 Intremit

96 3539 127 3593 et
146 3542 162 3589 ε
186 3535 335 3591 Intremuit
352 3537 436 3605 culpo

912 3622 947 3673 Q*
