2438 3924
345 178 793 236 Puniconunnrnsuxvn.
1008 180 1073 248 163

64 342 244 408 Certabant
267 364 364 407 rauco
388 343 576 408 resonantia
598 346 756 428 tympana
778 343 884 429 pulsu,

65 431 279 516 Semiuiriquo
302 431 401 516 chori,
425 431 556 515 gemino
580 433 635 516 qui
657 431 824 516 Dindyma
847 436 958 498 monte
1039 449 1073 499 20

64 520 164 586 Casta
187 522 305 605 colunt,
329 521 384 604 qui
407 519 543 585 Dictaeo
567 519 768 586 bacchantur
789 522 825 585 in
848 525 954 607 antro,

64 610 188 694 Quique
210 610 308 674 Idaea
329 609 409 695 iuga
432 613 465 673 et
488 610 579 674 lucos
602 631 723 675 nouere
747 608 883 674 silentis.

65 698 137 763 Hos
161 699 245 763 inter
268 697 416 762 fremitus
440 720 477 763 ac
500 698 588 763 laeto
611 702 690 762 uota
713 699 857 764 tumultu

66 785 221 852 Substitit
244 786 390 851 adductis
414 807 551 851 renuens
574 786 747 871 procedere
769 786 887 852 uinclis

63 874 161 940 Sacra
184 876 265 940 ratis
289 873 467 959 subitisque
490 875 583 940 uadis
606 875 785 940 immobilis
809 874 923 941 haesit.
1036 891 1071 941 25

62 965 145 1029 Tum
169 985 277 1048 puppe
300 985 317 1027 e
340 963 447 1028 medie
469 985 589 1048 magno
613 966 752 1029 clamore
775 965 941 1029 sacerdos:

64 1051 207 1118 ‘Parcite
230 1053 364 1137 pollutis
389 1053 579 1139 contingere
602 1053 733 1117 uincula
755 1053 875 1138 palmis

61 1140 107 1205 Et
114 1141 454 1227 proculhinc,moneo‚
462 1141 668 1225 proculhinc‚
678 1163 897 1227 quaecumque
906 1142 1073 1226 profanae,

61 1227 158 1294 Ferte
182 1230 302 1316 gradus
325 1252 385 1295 nco
408 1252 467 1294 uos
492 1232 583 1294 casto
607 1231 740 1295 miscete
763 1230 879 1315 labori,

63 1317 148 1382 Dum
172 1318 252 1383 satis
276 1322 326 1383 est
349 1319 512 1383 monuisse
536 1318 623 1383 deae.
660 1318 747 1403 quod
769 1319 798 1383 si
816 1340 880 1402 qua
898 1318 1015 1403 pudica
1038 1334 1073 1384 30

63 1405 174 1471 Mente
197 1407 294 1491 ualet,
318 1407 345 1470 si
368 1429 432 1490 qua
454 1407 559 1472 illaesi
583 1407 647 1471 sibi
670 1407 815 1491 corporis
839 1410 927 1472 astat

62 1493 209 1578 Conscia,
231 1497 284 1560 uel
309 1496 379 1560 sola
402 1495 518 1560 subeat
540 1495 596 1580 pie
619 1516 753 1559 munera
777 1493 911 1560 dextra?

106 1583 177 1665 Hic,
199 1585 306 1667 prisca
328 1584 447 1649 ducens
470 1582 663 1650 Clausorum
687 1585 727 1648 ab
752 1583 876 1668 origine
898 1604 1026 1667 nomen,

62 1669 206 1756 Claudia,
229 1695 296 1738 non
319 1694 422 1757 aequa
444 1673 560 1756 populi
582 1672 668 1736 male
692 1671 812 1736 credita
834 1669 932 1755 fame,

60 1759 100 1823 In
122 1761 258 1845 puppim
281 1761 384 1825 uersis
407 1760 591 1845 palmisque
616 1759 779 1844 oculisque
802 1758 963 1843 profatur:
1037 1776 1071 1824 3⁶

62 1847 276 1914 ‘Caelicolum
299 1848 455 1933 genetrix,
477 1869 606 1933 numen,
629 1848 714 1932 quod
737 1848 872 1916 numina
895 1849 990 1914 nobis

61 1935 186 2001 Cuncta
210 1959 309 2021 crees,
332 1936 422 2002 cuius
446 1937 553 2021 proles
576 1942 761 2021 terramque
784 1935 969 2021 fretumque

62 2023 237 2111 Sideraque
261 2030 294 2090 et
317 2027 421 2090 manis
444 2046 618 2110 regnorum
642 2029 731 2090 sorte
755 2025 946 2111 gubernant,

60 2111 96 2177 Si
118 2119 267 2179 nostrum
290 2115 378 2179 nullo
401 2114 561 2179 uiolatum
585 2118 634 2179 est
657 2115 790 2178 crimine
815 2135 931 2197 corpus

61 2202 178 2287 Testis,
201 2203 285 2282 diue,
307 2203 383 2268 ueni
406 2207 439 2268 et
461 2202 550 2268 facili
574 2224 625 2267 me
649 2203 783 2269 absoluo
806 2164 941 2268 carina)
1035 2219 1071 2269 40

60 2290 144 2355 Tum
168 2313 279 2356 secura
301 2294 390 2375 capit
412 2290 536 2376 funem3
558 2290 771 2375 fremitusque
794 2293 924 2355 leonum

60 2378 176 2443 Audiri
194 2380 285 2445 uisus
309 2380 429 2466 subito,
451 2385 485 2444 et
508 2381 660 2466 grauiora
682 2402 740 2464 per
764 2380 852 2445 auris

59 2465 160 2532 Nulla
181 2468 276 2552 pulsa
298 2491 397 2534 manu
420 2473 597 2534 sonuerunt
619 2474 776 2554 tympana
799 2468 901 2533 diuae.

59 2553 175 2620 Fertur
198 2578 301 2641 prona
324 2558 460 2623 ratis-
474 2562 590 2623 uentos
612 2558 781 2641 impellere
804 2557 915 2621 credas
931 2593 972 2603 —

60 2642 247 2729 Contraque
270 2645 422 2710 aduersas
446 2645 614 2712 ducentem
637 2645 808 2729 praeuenit
831 2645 942 2710 undas.

52 2733 234 2818 >Extemplo
258 2734 362 2800 maior
385 2735 507 2800 cunctis
532 2757 605 2819 spes
629 2738 762 2819 pectora
781 2733 902 2797 mulcet

60 2820 175 2887 Finem
199 2822 298 2887 armis
321 2822 451 2887 tandem
474 2824 635 2908 finemque
659 2823 768 2886 uenire
791 2820 930 2906 periclis.
1017 2884 1021 2891 ,

104 2911 178 2995 Ipse
203 2911 308 2975 alacer
331 2910 439 2976 Sicula
462 2911 630 2978 discedens
654 2908 763 2995 Scipio
787 2913 874 2973 terra

59 2998 243 3064 Abscondit
265 2999 332 3064 late
354 3001 518 3084 propulsis
541 2999 704 3085 puppibus
728 3018 857 3081 aequor,

131 3195 163 3242 21
192 3189 294 3262 Castu]
320 3189 421 3246 Lustra
475 3193 531 3246 taes
558 3222 592 3232 -
620 3188 750 3260 Dictaeo]
780 3189 908 3243 Rhoeteo
933 3186 1003 3243 Sclrr

58 3266 93 3315 23
112 3260 182 3331 Hos]
201 3261 299 3316 Nost
348 3267 383 3317 25
403 3282 434 3318 sn
455 3263 582 3333 itiqueL
636 3266 671 3316 30
690 3259 852 3314 munissev
907 3263 941 3314 34
958 3259 1069 3313 malou

57 3332 470 3403 malaed.Rorn.1otioeque
489 3365 522 3374 -
541 3348 598 3387 non
626 3348 732 3399 aequae
759 3348 786 3400 p.
812 3329 886 3386 mule
914 3347 951 3386 cr.
974 3330 1058 3384 ferun.

58 3403 194 3458 Heinsius
229 3403 334 3474 populo
365 3405 442 3459 male
467 3420 504 3459 cr.
531 3403 646 3471 Hoeufft
671 3405 703 3459 iu
730 3402 819 3457 Peric.
844 3404 903 3458 crit.
927 3403 967 3458 cd.
993 3408 1048 3457 lc·-

58 3481 93 3530 38
113 3473 211 3529 Sidera
229 3479 272 3526 ov
291 3506 325 3516 -
344 3490 430 3546 regno
449 3478 578 3531 consorte
597 3475 688 3531 Barth
795 3480 828 3528 42
848 3473 962 3529 euristt
985 3490 1073 3527 aurus-

57 3546 143 3617 uutqo
170 3560 237 3601 aere
254 3545 391 3604 flumem
575 3548 577 3553 '
1065 3530 1148 3641 ffir-

829 3630 888 3688 u*
