2438 3924
123 178 168 244 54
521 178 590 233 siu
608 177 740 262 immor

123 343 268 428 Imperat
291 363 329 407 ac
352 340 458 406 saeuis
481 340 596 405 urbem
619 341 800 406 terroribus
823 342 956 428 implet:

124 431 206 498 Cum
231 433 339 497 subito
363 431 511 495 dextrum
535 429 658 493 offulsit
681 430 853 495 conatibus
878 452 991 501 omen.

169 519 273 586 (larua
295 521 367 605 fuit,
389 540 463 583 raro
486 519 582 583 terris
606 521 754 601 spectata
777 520 894 601 colore,
1097 540 1118 589 11

124 609 213 685 Quae
236 608 375 675 candore
398 608 517 693 niuem,
541 606 679 671 candore
704 608 843 672 anteiret
866 608 991 676 olores.

123 698 218 764 Hanc
241 700 370 784 agreste
394 693 503 780 Capys
527 695 657 778 donum,
680 716 753 761 cum
776 695 905 761 moenia
930 699 1031 767 sulco

125 786 288 873 Signaret,
310 788 405 871 grato
428 805 549 869 paruae
573 783 721 849 mollitus
745 806 864 869 amore,

123 875 295 940 Nutrierat
317 895 494 958 sensusque
516 872 660 937 hominis
684 870 821 938 donarat
848 873 981 942 alendo.

124 963 203 1028 Inde
227 966 324 1027 exuta
345 962 447 1027 feram
472 960 647 1045 docilisque
671 960 820 1026 accedere
844 964 969 1029 mensis
1098 984 1117 1033 12

124 1051 234 1136 Atque
257 1053 344 1116 ultro
367 1051 489 1116 blanda
510 1052 636 1116 attactu
658 1048 823 1134 gaudebat
841 1050 922 1116 erili.

124 1140 251 1205 Aurata
275 1142 397 1204 matres
420 1146 569 1206 assuetae
591 1138 718 1222 pectine
741 1138 853 1202 mitem

125 1228 261 1294 (lomere
285 1231 318 1293 et
341 1229 465 1293 umenti
487 1228 587 1294 fluuio
611 1248 764 1292 reuocare
788 1228 942 1293 colorem.

125 1316 254 1382 Numen
278 1323 350 1381 erat
371 1316 437 1392 iam
461 1339 557 1382 cerua
579 1316 658 1397 loei3
681 1314 900 1399 famulamque
923 1315 1065 1390 Dianae

125 1404 318 1488 Credebant,
341 1427 377 1470 ac
400 1408 476 1470 tura
499 1406 594 1470 deum
618 1404 657 1469 de
680 1425 769 1468 more
793 1404 966 1472 dabantur.
1098 1429 1116 1477 ιτ

124 1493 225 1579 Haec,
248 1494 318 1559 aeui
342 1494 493 1579 uitaeque
516 1497 613 1558 tenax
636 1492 778 1576 felixque
802 1497 970 1561 senectam

125 1582 216 1648 Mille
239 1583 418 1648 indefessos
441 1583 579 1647 uiridem
603 1580 733 1646 duxisse
755 1602 813 1666 per
836 1603 953 1669 annos,

126 1669 312 1738 Saeelorum
335 1693 469 1736 numero
494 1671 643 1737 Troianis
667 1670 799 1735 condita
822 1672 908 1736 tecta

125 1760 313 1845 Aequabat3
337 1761 393 1824 sed
415 1761 481 1824 iam
504 1760 603 1844 longo
627 1780 692 1822 nox
715 1762 849 1822 uenerat
871 1781 965 1827 aeuo.

125 1847 221 1934 Nam,
244 1849 353 1914 subito
376 1850 507 1913 incursu
532 1869 702 1913 saeuorum
727 1848 853 1933 agitata
876 1848 1050 1940 luporum,
1098 1873 1115 1921 1¹

126 1936 187 2012 Qui
209 1938 315 2002 noctis
337 1936 481 2001 tenebris
504 1938 618 2001 urbem
644 1971 683 1982 -
708 1935 894 2001 miserabile
917 1937 1013 2006 bello

126 2024 314 2110 Prodigium
337 2025 574 2109 -intrarant,
596 2024 718 2108 primos
743 2024 784 2089 ad
807 2023 942 2091 luminis
968 2034 1071 2099 ortus

124 2112 298 2178 Extulerat
322 2135 391 2177 sese
414 2113 518 2196 portis
542 2113 724 2197 pauidaque
747 2112 882 2195 petebat

125 2199 343 2267 Consternata
365 2201 453 2285 fuga·
466 2202 591 2285 positos
616 2202 658 2266 ad
680 2203 807 2266 moenia
833 2223 977 2286 campos.

125 2289 305 2374 Exceptum
328 2290 414 2354 laeto
437 2289 591 2354 iuuenum
614 2291 789 2355 certamine
813 2289 928 2355 ductor
1098 2317 1113 2365 1

126 2376 260 2462 Mactat‚
279 2379 362 2462 diua,
380 2378 443 2442 tibi
454 2380 568 2444 —tibi
587 2380 673 2443 enim
692 2379 773 2443 haec
788 2378 979 2464 gratissima
994 2405 1114 2453 sacra-

126 2465 264 2531 Fuluius
288 2472 398 2551 atque:
423 2465 547 2552 ‘adaia'
571 2472 651 2553 orat,
674 2465 839 2549 ‘Latonia
862 2470 1013 2552 coeptis?

171 2552 251 2618 Inde
274 2555 382 2619 alacer
404 2555 570 2640 fidensque
593 2556 653 2620 dea
676 2554 876 2621 circumdata
899 2556 1026 2627 clausis

126 2641 229 2707 Arma
252 2646 371 2723 mouet,
394 2666 521 2728 quaque
544 2644 675 2730 obliquo
700 2647 878 2708 curuantur
901 2645 935 2708 in
960 2649 1083 2719 orbem

126 2730 257 2796 Moenia
280 2733 363 2797 fiexa
385 2735 468 2818 sinu,
493 2733 598 2816 spissa
621 2734 746 2798 uallata
769 2754 890 2797 corona
1098 2759 1112 2807 1

127 2819 257 2907 Alligat
280 2824 313 2885 et
335 2821 412 2886 telis
436 2821 469 2885 in
493 2843 618 2885 morem
640 2821 803 2905 indaginis
828 2821 941 2887 ambit.

128 2907 216 2974 Dum
238 2910 397 2995 pauitant,
421 2909 604 2995 spumantis
628 2909 794 2994 equifero
818 2910 916 2975 corda
938 2909 1105 3005 fatigans,

126 2995 288 3063 Euchitur
310 3003 406 3082 porta
428 2999 579 3064 sublimis
602 2998 728 3063 Taurea
750 2997 860 3063 cristis

199 3194 251 3244 114
268 3189 339 3246 Turn
356 3192 536 3262 Daaaqaeiua
549 3221 584 3231 -
599 3188 706 3246 offulsit
719 3195 756 3243 ch
774 3189 881 3245 effulsit
895 3196 912 3243 1
974 3198 1030 3251 115
1050 3199 1112 3255 tm

126 3258 242 3316 Teucris
261 3261 396 3318 Heinsius
477 3266 529 3316 129
548 3261 636 3316 iams
660 3262 734 3316 enim
752 3263 838 3333 aalqo
857 3290 891 3302 ·-
911 3279 968 3317 nox
981 3270 1054 3321 m
1077 3271 1112 3328 aa

127 3332 162 3387 ὄπ
185 3336 204 3384 0
231 3349 307 3388 mors
330 3335 415 3402 caluo
446 3350 500 3387 nex
523 3333 610 3388 Bothe
727 3337 778 3386 136
802 3333 920 3388 alterum
942 3332 1001 3390 tibi
1025 3345 1054 3394 et
1078 3341 1112 3397 ha

127 3404 242 3458 deerant
259 3404 292 3458 ta
312 3403 366 3460 Ool.
385 3410 450 3460 teate
468 3403 586 3459 Heinsio
605 3433 638 3444 —
657 3403 778 3469 licebat,
802 3403 883 3471 diua,
901 3403 969 3472 tibi,
993 3406 1054 3466 tibi
1073 3428 1112 3468 en

127 3472 209 3542 hanc,
224 3492 266 3544 gr.
281 3491 304 3530 s.
318 3474 453 3530 Heinsius
466 3480 492 3530 et
506 3474 640 3542 Lefebure
677 3481 728 3530 139
747 3473 856 3546 orbem]
872 3480 951 3529 ores
1000 3484 1058 3537 140
1073 3483 1111 3539 aia

127 3545 185 3600 sita
201 3545 312 3602 θνοηου
376 3550 428 3600 142
442 3543 574 3616 pauitans
589 3551 649 3598 1-
660 3545 758 3617 corda]
773 3544 846 3601 colla
859 3546 904 3600 uel
913 3547 997 3618 terga
1006 3549 1111 3612 Salam
