2438 3924
102 180 149 244 40
504 177 572 232 sni
591 177 724 233 numer
815 149 816 153 ‘

104 341 166 408 Sed
189 364 328 427 paruum
352 341 448 406 decus
471 340 660 406 Hannibali.
695 363 781 420 nam,
805 341 881 405 uitis
905 341 1039 408 honore
1073 361 1124 410 465

103 430 297 496 Perfunctus
320 429 445 514 Latiae,
468 430 576 494 subito
601 429 789 495 stimularat
817 430 958 515 agrestis

107 519 370 603 semermemque
393 540 525 582 manum
549 518 754 583 sternendam
778 518 944 584 obiecerat
966 518 1075 586 hosti.

103 607 162 673 Bis
191 612 317 692 septem
346 608 486 672 demissa
512 606 584 673 neci
603 643 647 653 —
664 629 724 671 nec
753 608 900 672 substitit
928 629 1059 692 agmen
1085 647 1122 659 —

104 696 212 779 Milia3
237 697 288 762 bis
312 700 446 780 septem,
470 717 552 778 quae
575 717 642 759 non
667 696 832 760 sollertior
855 717 940 776 ense,

104 784 166 850 Sed
191 807 293 871 genus
315 783 463 868 insignis,
486 784 581 848 iustis
606 784 745 849 ducebat
767 784 802 847 in
825 784 924 848 armis
1073 804 1123 854 470

103 875 253 959 Fuluius,
277 876 329 938 ast
352 893 453 956 aeque
475 893 533 955 per
556 894 692 957 corpora
714 872 789 937 fusa
811 872 977 938 iacentum

103 962 250 1046 Raptum
272 961 336 1025 iter
360 966 418 1043 est,
441 960 609 1044 uictorque
632 983 757 1026 moram
781 982 846 1026 non
868 983 988 1044 passus
1016 965 1125 1030 eundi.

103 1050 269 1134 Exequiae
293 1052 421 1115 tantum
444 1048 565 1113 famam
588 1072 769 1134 nomenque
791 1050 959 1114 uolentem

104 1138 259 1205 Mitifioae
281 1139 401 1202 mentis
425 1141 599 1202 tenuerunt
621 1138 734 1203 funere
758 1139 854 1203 laetu.
1072 1158 1124 1208 4⁷4

103 1227 255 1314 Namque
274 1249 333 1311 per
352 1225 495 1304 insidias,
517 1226 697 1307 infandum,
721 1232 754 1292 et
777 1227 817 1291 ab
837 1226 969 1311 hospite
995 1250 1125 1315 caesus,

103 1315 312 1402 Colloquium
337 1320 370 1380 et
392 1315 555 1400 promissa
577 1315 660 1401 petit
683 1316 758 1380 dum
781 1314 905 1400 perfida
928 1318 1046 1400 gentis

3 1402 5 1406 ’
102 1403 262 1488 Lucanae,
285 1403 461 1489 Gracchus,
480 1426 574 1470 caeco
598 1405 815 1470 circumdatus
840 1409 923 1487 astu,

103 1493 282 1578 Occiderat,
305 1493 496 1576 laudemque
519 1491 621 1577 Libys
644 1493 793 1577 rapiebat
814 1492 983 1559 humandi.

150 1581 214 1648 Sed
236 1604 311 1666 non,
333 1586 372 1646 ut
396 1583 514 1646 scitum
538 1583 678 1647 celerare
702 1582 744 1646 ad
765 1583 894 1646 moenia
915 1580 1082 1669 Poenum,

102 1672 269 1737 Abstabat
290 1692 343 1736 res
366 1671 434 1735 ulla
456 1671 542 1735 loco:
574 1671 640 1734 iam
663 1671 776 1736 consul
799 1675 935 1753 uterque
1071 1690 1123 1741 480

100 1759 298 1844 Praecipites
322 1759 468 1843 aderant;
499 1757 658 1824 Nolanis
684 1759 804 1841 omnis,
835 1763 869 1824 et
890 1757 992 1843 Arpis

103 1849 186 1914 Aeni
207 1847 355 1914 floridior
374 1847 496 1912 Fabius
518 1847 633 1930 rapida
655 1870 747 1912 arma
768 1847 906 1931 ferebat3

101 1937 187 2004 Hinc
209 1937 297 2003 Nero
322 1939 355 2000 et
379 1935 455 2000 binc
478 1935 620 2000 uolucris
645 1935 775 2001 Silanus
797 1938 893 2000 nocte
916 1935 1040 2022 dieque

100 2025 297 2110 Impellebat
319 2044 420 2109 agens
443 2028 617 2107 properata
640 2025 681 2089 ad
704 2024 792 2089 bella
815 2024 973 2092 cohortis.

100 2114 252 2197 Undique
275 2113 480 2194 conueniunt,
503 2111 690 2196 pariterque
714 2134 878 2196 opponere
896 2118 1038 2181 cunctos
1068 2133 1123 2184 485

100 2201 166 2267 Uni
190 2202 339 2266 ductores
363 2200 473 2264 iuueni
495 2201 610 2283 placet.
648 2201 767 2265 arduus
790 2202 859 2284 ipse

100 2289 211 2354 Tifata
233 2288 356 2371 insidit,
382 2288 517 2372 propior
541 2310 604 2371 qua
627 2289 797 2354 moenibus
820 2290 925 2355 instat

102 2377 211 2460 Collis,
235 2383 268 2442 et
291 2399 308 2440 e
332 2377 467 2442 tumulis
491 2377 671 2442 subiectam
695 2378 834 2463 despicit
856 2378 981 2445 urbem.

100 2466 223 2532 Uerum
247 2465 303 2530 ubi
326 2468 378 2530 tot
401 2486 471 2530 sese
495 2465 829 2532 circumfundentibus
852 2467 952 2532 armis

101 2555 253 2621 Uallatas
277 2553 400 2619 socium
424 2560 536 2637 portas
559 2576 685 2638 unaque
708 2557 823 2640 negari
1067 2574 1122 2627 rso

99 2643 278 2709 Intrauisse
303 2641 367 2707 sibi
390 2640 582 2727 Capuaeque
606 2665 772 2728 erumpere
796 2643 909 2729 cernit,

169 2841 222 2891 466
245 2835 354 2890 subitos
375 2833 485 2890 Groucu
503 2840 529 2890 et
546 2834 684 2890 Heinsius
792 2841 844 2892 468
867 2834 934 2890 Plus
959 2839 1076 2908 septem
1092 2844 1121 2897 st

96 2912 149 2963 469
167 2906 212 2962 bis
231 2909 339 2976 septem
358 2921 470 2975 quoque
492 2922 548 2959 non
567 2924 588 2959 s.
608 2921 631 2960 e.
653 2905 774 2975 Ruperti
863 2912 914 2962 471
934 2906 1058 2967 Fuluius
1076 2916 1120 2967 141

98 2979 216 3033 Buluius
235 2983 278 3031 ov
297 3007 331 3017 -
350 2975 407 3048 ast]
426 2977 497 3031 haec
518 2975 629 3032 Gronov
696 2983 748 3032 472
769 2975 860 3032 euntis
881 2983 899 3030 Ι
961 2983 1019 3037 414
1036 2979 1125 3043 Mitt,

97 3049 167 3104 ficas
186 3055 230 3103 11111
248 3051 286 3103 ad
304 3049 371 3104 Liu.
381 3065 411 3118 p.
427 3053 485 3104 520
502 3047 548 3112 (T.
560 3064 590 3116 p.
606 3052 674 3115 198)
686 3053 752 3100 HV
770 3047 937 3103 Artificaao
956 3048 1120 3111 Horridum

96 3121 182 3191 uuipo
227 3124 280 3173 4⁷5
299 3136 382 3174 caeso
397 3123 455 3171 chs
473 3118 545 3172 falso
560 3119 681 3188 Ruperti
723 3123 775 3173 480
789 3119 929 3174 Abstabst
944 3124 992 3189 (e-
1007 3123 1121 3193 dm)

97 3207 149 3246 scr.
170 3190 218 3258 (cf.
237 3191 342 3245 Archiv
360 3193 381 3258 f.
397 3192 489 3245 iatciu.
508 3189 727 3258 Leaicopraplu'e
747 3190 812 3244 VH.
823 3207 854 3259 p.
868 3194 939 3260 277)
959 3192 1123 3259 asamar,

101 3260 152 3315 Sat
172 3260 267 3314 stabat
284 3261 462 3330 Duasqueius
483 3258 623 3316 Restabat
641 3276 704 3330 spes
722 3261 782 3314 ulls
802 3260 865 3316 loco
883 3263 928 3317 uel
941 3262 1005 3319 Hoc
1019 3266 1120 3323 stabat

101 3349 165 3401 spes
184 3329 237 3385 illa
260 3329 322 3387 loco
341 3332 477 3388 Heinsius
504 3329 639 3387 Cessabat
661 3348 705 3386 res
730 3330 790 3386 ulla
809 3377 815 3389 .
835 3332 897 3387 loco
921 3332 1037 3405 Withof
1059 3336 1119 3393 Ad·

101 3403 190 3458 flabat
208 3419 272 3471 spes
290 3403 350 3456 ulla
364 3447 371 3459 .
386 3403 448 3460 loco
466 3403 554 3459 Boibe
652 3408 704 3458 482
723 3403 823 3458 rabida
840 3408 877 3455 cb
895 3434 928 3444 -
948 3404 1063 3463 ferebat
1080 3412 1119 3463 σε

97 3474 253 3529 ferebantt
296 3478 349 3529 483
359 3473 527 3529 uolucriscb
541 3472 905 3530 uolucrssfl-Ssssnnsch
944 3477 1120 3537 astruas

97 3543 200 3601 insidit
217 3549 254 3598 cb
275 3575 305 3586 -
325 3543 364 3600 Te
383 3544 443 3600 fata
461 3545 561 3601 incidit
580 3550 596 3596 Β
668 3550 720 3600 491
743 3543 897 3614 irrumpere
920 3545 1064 3607 Heinsius
