2438 3924
139 169 183 236 96
540 165 763 224 snrrmnror

140 331 298 416 Celsaque
322 329 482 395 anhelatis
507 350 666 414 exurgens
689 328 807 393 ictibus
828 328 930 393 alnus

141 420 280 488 Caerula
301 419 449 504 nigranti
470 418 566 482 findit
590 418 777 502 spumantia
800 417 899 484 sulco.
1102 434 1159 484 380

151 570 158 579 ,
188 509 250 574 Ast
274 508 357 572 aliae
380 508 481 571 latere
505 510 603 590 atque
626 506 750 570 incussi
773 505 901 570 roboris
924 504 992 570 ictu

141 592 324 681 Detergeut
346 617 467 679 remos,
490 596 572 659 aliae
595 616 653 677 per
676 595 802 659 uiscera
824 593 922 678 pinus

141 685 316 751 Tramissis
339 685 411 767 ipso
435 683 616 747 retinentur
638 683 771 748 uulnere
794 683 921 766 rostris,

141 774 211 850 Quo
236 775 386 838 retinent.
421 772 544 836 medias
567 771 654 835 inter
676 771 848 837 sublimior
866 772 937 836 ibat

143 861 313 927 Terribilis
337 862 409 925 uisu
432 859 560 943 puppis,
584 867 647 944 qua
670 861 761 925 nulla
783 882 841 944 per
865 882 960 925 omne
1103 877 1158 927 333

141 951 286 1036 Egressa
310 953 360 1014 est
382 948 511 1031 Libycis
535 949 639 1012 maior
661 949 835 1013 naualibus
859 971 983 1014 aeuum.

144 1038 207 1105 Sed
231 1041 346 1124 quater
368 1037 449 1101 haee
472 1040 600 1101 centum
623 1059 797 1102 numeroso
820 1037 944 1122 remige
967 1042 1106 1123 pontum

142 1128 301 1192 Pulsabat
324 1124 439 1206 tonsis,
461 1126 598 1208 ueloque
622 1126 763 1208 superba
786 1127 896 1210 capaci

144 1212 228 1280 Cum
251 1215 399 1298 rapidum
418 1212 565 1276 hauriret
586 1210 715 1278 Borean
738 1219 771 1278 et
793 1215 945 1279 cornibus
970 1215 1078 1279 omnis

144 1301 323 1388 Colligeret
345 1301 453 1385 flatus,
475 1300 566 1366 lento
590 1323 624 1366 se
647 1303 764 1367 robore
788 1303 918 1388 agebat,
1102 1320 1158 1369 300

143 1391 287 1456 Intraret
309 1391 425 1455 fluetus
450 1389 530 1454 solis
553 1411 611 1454 eeu
634 1392 728 1473 pulsa
751 1391 890 1456 lacertis.

143 1480 342 1545 Procurrunt
364 1478 499 1542 leuitate
523 1479 602 1563 agili
625 1479 810 1562 docilesque
833 1480 978 1565 regentis

144 1567 319 1633 Audiuisse
342 1588 475 1632 manum
497 1565 593 1631 Latio
616 1587 689 1631 eum
712 1568 817 1631 milite
840 1589 975 1652 puppes.

188 1656 259 1722 Has
283 1659 320 1720 ut
342 1677 401 1739 per
423 1655 553 1719 laeuum
575 1654 737 1720 uenientis
761 1677 882 1740 aequor
903 1655 1048 1720 Himilco

145 1745 186 1809 In
204 1746 291 1810 latus
315 1744 464 1828 obliquas
488 1744 673 1828 iussamque
695 1744 859 1809 incurrere
881 1766 1014 1828 proram
1106 1761 1159 1810 303

147 1833 333 1919 Conspexit,
356 1853 493 1917 propere
517 1831 601 1897 diuis
624 1833 659 1896 iu
683 1835 762 1898 uota
785 1833 910 1898 uocatis

146 1921 319 2007 Aequoris,
341 1923 468 1986 intento
491 1921 657 1985 uolucrem
681 1921 720 1985 de
743 1943 833 1986 more
857 1922 1014 2006 sagittam

146 2009 307 2096 Assignat
328 2031 443 2093 neruo;
466 2014 568 2092 utque
591 2009 694 2073 oeulis
718 2009 854 2075 librauit
876 2011 911 2073 in
933 2010 1062 2074 hostem

145 2098 191 2164 Et
213 2100 340 2164 calamo
364 2097 561 2163 monstrauit
583 2096 654 2181 iter,
677 2097 806 2162 diuersa
828 2099 977 2163 relaxans

144 2186 295 2265 Brachia,
318 2186 452 2251 deduxit
474 2186 568 2250 uultu
590 2186 767 2251 eomitante
786 2208 844 2271 per
866 2208 962 2252 auras
1105 2203 1160 2252 400

147 2274 188 2339 10
209 2237 328 2339 uuluhs
351 2275 453 2339 telum
478 2295 515 2338 ac
538 2274 689 2338 resident
666 2279 709 2340 t1s
732 2297 841 2359 puppe
863 2275 1015 2360 magistri

146 2362 264 2427 Affixit
285 2364 411 2447 plectro
435 2363 595 2447 dextram,
617 2384 677 2446 nee
700 2363 814 2428 deinde
836 2364 979 2449 regenda

145 2450 258 2535 Puppe
281 2472 396 2514 manus
419 2450 533 2534 ualuit,
556 2413 700 2516 flectenti
723 2453 899 2516 immortua
921 2453 1025 2517 clauo.

147 2539 297 2622 Dumque
321 2538 361 2602 ad
383 2560 476 2621 opern
500 2540 639 2603 accurrit
661 2561 719 2604 ceu
738 2544 835 2625 capta
857 2541 972 2606 nauita
993 2563 1114 2627 puppe,

146 2627 230 2693 Eece
252 2627 370 2691 iterum
394 2625 527 2710 fatoque
550 2629 623 2711 pari
644 2649 809 2712 neruoque
832 2629 919 2714 sagit
920 2631 964 2715 ta,
1104 2645 1160 2695 403

219 2894 272 2944 373
291 2889 373 2944 aluus
390 2894 459 2945 m.2
478 2888 509 2943 in
528 2888 667 2944 lacuhav
695 2889 776 2944 almis
794 2895 856 2943 330
964 2895 1018 2945 380
1036 2889 1121 2945 findit
1140 2898 1162 2943 1.

146 2961 241 3016 fundit
258 2964 324 3013 rev
343 2991 376 3000 -
395 2958 532 3030 nigranti]
553 2961 683 3014 candenti
702 2960 838 3016 Selorcder
934 2966 985 3016 381
1005 2962 1096 3016 latere
1115 2968 1163 3015 cm

147 3032 203 3101 Ep.
218 3035 256 3087 90
268 3036 312 3083 ΙΝ
330 3029 422 3086 lacere
440 3035 461 3083 1³
484 3031 543 3085 late
561 3036 580 3084 0
603 3031 694 3086 latera
711 3032 799 3087 Bothe
818 3062 851 3072 —
870 3031 991 3104 roboris]
1012 3031 1124 3087 arboris
1140 3038 1161 3086 0

148 3132 183 3142 -
201 3105 267 3156 actu
285 3101 421 3156 Schrader
510 3107 561 3156 387
580 3100 654 3157 Aeta
672 3105 772 3171 quater
790 3105 903 3157 centum
919 3104 1055 3158 Heinsius
1082 3103 1162 3159 Nam

147 3174 249 3241 quater
265 3172 335 3226 haec
355 3189 378 3226 0
396 3171 529 3238 Lefehure
546 3174 602 3228 Ter
619 3176 718 3241 quater
737 3173 872 3230 Schrader
934 3179 985 3230 383
1004 3175 1121 3230 boream
1141 3180 1162 3228 0

148 3248 201 3297 330
219 3243 318 3296 robore
336 3248 380 3295 cm
393 3242 448 3310 ΕΡ.
463 3248 501 3297 90
603 3249 653 3298 331
673 3245 949 3314 fluctu(=1‘luetae')
970 3245 1106 3301 Heinsius
1124 3276 1164 3287 -

149 3329 202 3368 ceu
222 3313 369 3368 Liuineius
392 3314 494 3395 aliique
526 3313 551 3368 si
572 3320 637 3367 HV
669 3330 698 3369 se
721 3321 740 3369 0
774 3316 855 3385 quasi
879 3316 989 3383 Withof
1015 3318 1049 3370 ut
1071 3316 1165 3373 Bothe

148 3389 201 3439 400
220 3382 337 3438 deduxit
351 3389 395 3437 ov
414 3382 525 3440 diduxit
542 3390 632 3453 chhr,
651 3387 724 3440 ande
736 3387 852 3453 fortasse
870 3384 973 3440 direxit
986 3387 1164 3443 scribendum

148 3455 195 3521 (cf.
211 3455 260 3508 II.
275 3459 324 3522 93,
340 3455 399 3509 IX
414 3459 480 3523 171)
532 3460 584 3512 401
604 3462 688 3511 ecch
706 3459 767 3511 eto
822 3462 875 3512 403
893 3456 1164 3516 flectendoeroeov

148 3531 202 3579 404
221 3525 328 3597 puppe]
348 3526 417 3594 pinu
435 3526 570 3582 &lauder
