2438 3924
170 157 190 220 2
576 160 644 215 SlLI
661 161 796 216 ITALlOl
882 119 884 122 Α

174 319 394 404 Thespiadum
418 322 529 386 docuit
553 324 742 387 submittere
766 323 850 389 colla
872 327 1016 406 nepotes.

173 406 264 472 Idem
288 409 386 474 etiam
410 409 530 476 Locros
554 411 669 476 habuit
691 411 791 476 furor.
814 434 872 476 ora
895 412 1008 476 uadosi
1155 431 1192 479 2ο

173 495 305 578 Litoris,
329 497 469 582 Argiuos
495 501 598 564 maior
621 521 684 584 qua
708 498 842 564 Graecia
865 522 975 565 muros

173 581 290 651 Seruat
313 590 346 650 et
368 587 461 652 Ionio
485 588 585 652 luitur
608 592 742 653 curuata
764 589 935 674 profundo,

172 677 290 743 Laetas
314 700 366 743 res
390 679 511 762 Libyae
535 682 568 742 et
591 679 757 743 fortunam
780 679 815 741 in
838 676 943 741 Marte
968 682 1086 760 secula,

172 766 299 831 Iurauit
322 767 473 851 pauitans
496 766 595 851 Tyrio
619 790 678 832 sua
701 767 826 851 proelia
849 764 958 829 Marti.

172 854 243 919 Iam
267 877 353 939 uero,
376 854 513 920 Eridani
536 855 773 920 tumidissimus
797 855 913 937 accola,
938 851 1050 917 Celtae
1154 871 1190 918 25

171 943 348 1008 Incubuere
372 944 467 1008 malis
490 942 610 1009 Italum
634 949 822 1029 ueteresque
845 941 966 1007 doloris

75 1112 78 1117 1
173 1032 259 1096 Tota
283 1054 316 1096 se
339 1031 444 1096 socios
468 1037 684 1117 properarunt
707 1034 840 1118 iungere
864 1031 958 1095 mole.

218 1117 281 1184 Sed
303 1120 354 1185 fas
376 1119 410 1183 id
435 1117 547 1205 Celtis,
569 1121 620 1185 fas
644 1121 745 1206 impia
767 1122 854 1185 bella
877 1120 997 1183 referre

172 1208 326 1273 Boiorum
349 1207 448 1273 fuerit
469 1211 614 1293 populis:
652 1209 822 1295 Capuaene
845 1207 998 1290 furorem,
1153 1225 1189 1273 29

173 1296 275 1372 Quem
300 1294 464 1361 Senonum
488 1298 592 1383 genti,
614 1299 788 1384 placuisse,
812 1301 845 1362 et
867 1295 1020 1360 Dardana
1044 1296 1084 1359 ab
1110 1300 1189 1362 ortu

172 1384 303 1450 Moenia
325 1385 496 1451 barbarico
520 1385 705 1451 Nomadum
729 1387 853 1451 sociata
875 1388 1016 1468 tyranno

173 1473 338 1557 Quisnam,
363 1477 488 1542 mutato
512 1478 643 1539 tantum
664 1497 749 1539 nunc
773 1478 928 1559 tempore,
952 1471 1085 1537 credat?

171 1561 282 1626 Luxus
307 1567 340 1627 et
362 1562 486 1627 insanis
509 1563 633 1628 nutrita
656 1564 789 1648 ignauia
811 1562 924 1628 lustris

172 1647 455 1736 Consumptusque
477 1652 582 1735 pudor
604 1653 767 1735 peccando
789 1651 925 1735 unisque
948 1648 1081 1713 relictus

170 1738 305 1803 Diuitiis
328 1741 506 1822 probrosus
529 1741 635 1805 honor
658 1741 824 1806 lacerabat
846 1740 991 1803 hiantem
1152 1756 1188 1805 35

171 1826 306 1892 Desidia
327 1828 485 1912 populum
509 1851 546 1894 ac
569 1830 747 1894 resolutam
771 1829 899 1914 legibus
923 1826 1045 1890 urbem.

101 1929 103 1932 ⁴
171 1914 307 2000 Insuper
331 1916 429 1979 exitio
453 1917 640 1982 truculenta
663 1917 816 2001 superbia
842 1917 970 2003 agebat.

171 2001 242 2068 Nec
265 2003 355 2068 uitiis
379 2004 513 2069 deerant
535 2006 631 2069 uires.
653 2027 720 2071 non
742 2004 865 2090 largior
887 2003 948 2069 ulli

171 2091 336 2155 Ausoniae
359 2092 479 2174 populo
506 2128 544 2139 -
570 2093 615 2157 sic
638 2097 710 2157 tum
732 2091 878 2158 Fortuna
900 2091 1036 2156 fouebat
1060 2127 1101 2136 -

171 2178 315 2263 Aurique
340 2180 531 2265 argentique
555 2180 683 2264 modus3
707 2180 888 2246 madefacta
911 2200 1034 2244 ueneno
1150 2197 1188 2247 40

170 2266 309 2350 Assyrio
333 2267 477 2332 manicas
501 2269 602 2333 uestis
626 2268 796 2354 medioque
820 2268 946 2334 dicrum

169 2355 310 2440 Regales
334 2355 448 2440 epulae
472 2360 571 2441 atque
595 2360 668 2421 ortu
692 2357 842 2422 conuiuia
866 2358 945 2422 solis

169 2442 337 2527 Deprensa
361 2447 394 2507 et
416 2444 506 2508 nulla
530 2446 656 2510 macula
679 2467 745 2510 non
763 2445 849 2510 illita
872 2447 950 2510 uita.

240 2669 399 2725 221auitur
421 2671 570 2727 Liuineius
592 2677 617 2726 et
635 2672 785 2728 Burmann
891 2679 924 2727 23
948 2672 979 2726 in
998 2675 1123 2727 martes
1152 2675 1184 2730 in

168 2743 258 2796 morte
279 2743 395 2797 Murcus
419 2758 512 2797 errore
536 2744 576 2798 ed.
594 2742 685 2800 Bucil.
706 2747 780 2800 1522
804 2744 927 2813 aliaeque
951 2761 966 2798 e
989 2760 1065 2799 more
1088 2744 1185 2801 Barth

169 2817 202 2868 26
220 2812 324 2866 Italum
339 2819 382 2866 (tm
395 2813 533 2882 Ep13⁸
560 2813 665 2869 iterum
683 2817 734 2870 nul
753 2831 767 2870 o
840 2819 874 2869 28
892 2816 936 2868 fas
956 2813 995 2867 sit
1012 2814 1182 2872 ed.1iorn.1

169 2885 292 2954 aliaeque
306 2885 386 2952 prob.
399 2883 527 2951 Heinsio,
545 2886 594 2955 qui
611 2891 637 2941 et
651 2886 703 2956 fas,
743 2884 763 2954 i,
778 2886 807 2941 C.
822 2888 891 2941 coni.
948 2891 981 2940 29
1001 2901 1144 2955 capuaeue
1159 2891 1183 2938 v

168 2960 201 3009 31
222 2954 381 3009 Nomadum
399 2954 536 3010 Heinaiuc
553 2962 579 3011 et
598 2956 707 3012 Gronov
726 2957 884 3011 nondums
912 2955 970 3010 iam
986 2959 1048 3010 tum
1064 2957 1184 3013 Murcus

166 3041 319 3094 numquam
342 3027 387 3080 uel
408 3026 523 3081 tandem
543 3028 595 3082 alii
617 3026 729 3082 demum
748 3028 839 3083 Burtlt
964 3033 998 3081 32
1023 3025 1181 3097 Quisquam

166 3097 316 3151 Liuineius
340 3095 416 3164 Quis,
434 3097 489 3151 nisi
507 3115 544 3151 m.
563 3097 684 3166 Ruperti
697 3128 732 3138 -
745 3098 859 3152 imitato
877 3103 897 3150 Ι.
953 3104 988 3152 34
1002 3097 1120 3166 imisque
1137 3103 1182 3152 ov

166 3173 200 3222 36
220 3165 372 3222 Desiriav
399 3168 441 3221 De
462 3167 581 3236 Syriao
690 3173 724 3223 38
743 3169 881 3223 derant?
906 3172 951 3234 (ut
968 3171 1078 3238 saepius
1096 3170 1133 3236 cf.
1151 3188 1182 3226 u.

167 3243 212 3304 50,
228 3237 314 3292 XVI.
329 3241 366 3293 32
379 3241 439 3306 etc.)
461 3269 494 3278 -
512 3236 623 3308 longior
641 3244 664 3291 v
747 3244 781 3292 41
800 3240 926 3295 manicas
945 3238 1067 3308 Ruperti
1088 3240 1182 3294 mani·

167 3308 219 3362 bus
249 3315 265 3361 3
301 3307 426 3364 maribus
452 3309 562 3365 Gronov
585 3315 610 3364 ct
632 3311 747 3380 Bentley
774 3309 896 3365 madidis
921 3311 1011 3366 Barth
1048 3308 1106 3364 iam
1134 3310 1182 3366 bis

166 3379 301 3434 Heinsius
372 3385 406 3434 43
425 3378 498 3433 nulli
516 3381 655 3435 maculam
674 3380 810 3436 Heinciuc
836 3380 909 3436 nulli
929 3379 1048 3436 maculis
1073 3381 1187 3449 Withof

166 3450 290 3503 -illita
307 3456 326 3501 L
354 3447 438 3505 inlita
455 3456 500 3503 Π
526 3449 627 3505 inolita
645 3457 664 3504 0
691 3450 800 3519 inclyta
818 3458 855 3504 ch
873 3484 906 3494 -
922 3458 988 3521 port
1005 3453 1030 3508 b.
1048 3469 1077 3506 u.
1092 3453 1181 3508 inseri

166 3521 229 3576 uult
247 3520 340 3576 Bortb
358 3537 406 3576 uu.
422 3525 530 3577 51-54
544 3524 642 3593 probb.
662 3522 796 3592 Lesebure
814 3525 929 3594 aliisque
