2438 3924
102 148 145 214 58
499 146 566 201 suu
585 144 718 200 ianuar

100 311 296 376 Uincentum
320 311 482 374 obtulerat
503 311 632 394 pubem.
669 309 736 373 ruit
758 307 856 373 obuia
878 307 916 372 in
941 331 1044 376 arma

102 397 210 483 Scipio
234 401 268 463 et
291 399 438 463 oblatum
461 398 557 463 metit
579 397 776 462 insatiabilis
800 417 932 481 agmen

145 487 254 552 Tifata
275 486 453 552 umbrifero
477 489 668 572 generatum
692 489 803 551 monte
826 483 996 552 Calenum

99 575 302 658 Nutrierant,
326 576 443 640 audere
465 579 604 657 trucem3
626 596 686 639 neo
709 595 843 657 corpore
866 595 999 658 magno
1074 592 1120 642 220

100 663 192 730 Mens
216 669 286 730 erat
308 663 449 729 inferior.
487 662 653 728 subsidere
677 684 773 747 saepe
796 664 938 749 leonem,

99 751 215 818 Nudus
238 753 320 817 inire
344 756 442 837 caput
463 773 599 836 pugnas,
618 755 741 816 certare
760 751 897 816 iuuenco

99 840 209 927 Atque
233 841 367 925 obliqua
389 840 489 905 trucis
512 841 668 905 deducere
692 862 812 905 cornua
835 841 925 904 tauri
960 872 963 877 ·

99 930 260 994 Assuerat
283 929 444 1012 crudoque
468 929 578 1013 aliqua
602 951 636 993 se
660 928 810 993 attollere
834 926 935 995 facto.

99 1017 142 1096 Is,
166 1018 241 1081 dum
265 1017 459 1100 praecipites
483 1017 617 1103 expellit
640 1016 769 1082 Uirrius
792 1016 882 1101 urbe,
1073 1036 1119 1086 220

100 1103 162 1170 Seu
187 1109 307 1189 spreto,
330 1127 387 1169 seu
410 1127 450 1169 ne
473 1106 566 1170 fieret
588 1127 689 1190 mora,
712 1105 817 1170 nudus
840 1104 875 1168 in
899 1127 1036 1191 aequor

99 1193 244 1258 Thorace
268 1193 390 1257 exierat
412 1194 576 1278 leuiorque
599 1194 770 1279 premebat
792 1192 929 1259 anhelos

98 1281 244 1346 Pondere
268 1282 388 1346 loricae
412 1285 444 1345 et
465 1283 608 1367 palantis
631 1284 738 1347 uictor
757 1281 885 1365 agebat.

98 1371 233 1454 lamque
255 1368 460 1435 Ueliternum
483 1371 590 1435 media
613 1373 820 1455 transegerat
842 1369 930 1454 aluo,

98 1457 168 1522 Iam
192 1459 324 1523 solitum
348 1458 476 1543 aequali
498 1460 573 1524 ludo
598 1459 802 1524 committere
824 1459 993 1542 equestris
1071 1479 1118 1529 220

99 1545 267 1631 Scipiadae
289 1568 416 1632 pugnas
439 1547 582 1612 Marium
604 1548 722 1612 tellure
749 1546 881 1611 reuulso

97 1635 285 1701 Percnlerat
306 1658 395 1701 saxo.
432 1638 530 1700 miser
551 1636 752 1719 implorabat
774 1634 917 1700 amicum

99 1723 181 1789 Cum
204 1725 327 1808 gemitu
347 1726 506 1808 expirans,
530 1725 745 1808 scopulusque
763 1723 935 1808 premebat
954 1725 1118 1795 hiantem.

99 1810 170 1896 Sed,
193 1813 319 1877 ualidas
344 1835 441 1878 saeuo
464 1812 552 1878 uires
577 1813 759 1898 duplicante
783 1811 903 1893 dolore,

97 1900 224 1966 Effudit
246 1901 397 1966 lacrimas
421 1901 544 1985 pariter
567 1923 764 1986 cornumque
789 1903 964 1969 sonantem
1070 1921 1117 1972 200

99 1986 217 2073 Scipi0,
241 1990 387 2053 solamen
410 2011 588 2073 properans
612 1990 756 2073 optabile
778 1988 814 2053 in
837 1990 940 2054 armis

97 2076 237 2141 Hostem
260 2080 426 2161 prostrato
449 2079 641 2143 morientem
666 2079 836 2143 ostendere
860 2076 979 2144 amico.

98 2165 266 2244 Tranauit,
290 2166 433 2230 uolucris
456 2166 595 2250 liquidas
619 2188 677 2231 ceu
700 2167 860 2232 scinderet
883 2188 997 2254 saraa,

97 2253 204 2318 Hasta
227 2253 289 2317 uiri
311 2257 425 2335 pectus
448 2256 601 2339 rupitque
624 2255 782 2320 immania
804 2253 965 2321 membra.

98 2341 228 2417 Quanta
252 2345 301 2405 est
324 2343 373 2406 uis
393 2342 473 2427 agili
490 2364 549 2426 per
568 2344 697 2408 caerula
716 2365 843 2407 summa
862 2341 1045 2432 Liburnae,
1068 2363 1117 2413 240

99 2429 198 2514 Quae,
220 2429 342 2514 pariter
366 2431 516 2514 quotiens
540 2435 711 2496 reuocatae
735 2432 775 2495 ad
798 2433 933 2514 pectora
959 2436 1083 2501 tonsae

97 2517 289 2582 Percussere
311 2517 441 2604 fretum,
464 2519 571 2584 uentis
595 2520 681 2605 fugit
704 2521 792 2585 ocior
811 2524 845 2584 et
867 2539 911 2602 se,

98 2604 202 2680 Quam
224 2607 324 2690 longa
347 2611 406 2690 est,
428 2629 493 2671 uno
517 2629 678 2672 remorum
702 2607 859 2693 praeterit
879 2607 960 2675 ictu.

142 2694 320 2760 Ascanium
343 2694 491 2778 Uolesus,
514 2697 669 2779 proiectis
693 2697 783 2761 ocius
806 2695 916 2774 armis,

97 2783 168 2859 Quo
191 2783 295 2849 leuior
317 2789 444 2868 peteret
466 2806 586 2867 muros,
608 2807 667 2868 per
690 2788 804 2869 aperta
826 2783 999 2850 uolantem
1066 2804 1116 2854 240

97 2873 293 2957 Assequitur
315 2873 438 2955 planta.
465 2872 623 2938 deiectum
645 2873 794 2956 protinus
819 2893 893 2937 ense
960 2950 965 2958 ¹

95 2997 310 3009 ———-

168 3084 219 3133 219
248 3079 339 3136 Sifata
368 3086 411 3133 ov
537 3086 587 3135 221
612 3081 767 3153 subsidere]
795 3080 850 3136 sibi
872 3081 997 3138 subdere
1023 3085 1116 3143 Rara

96 3156 150 3204 224
168 3148 265 3217 aliqua
284 3157 320 3204 02
342 3152 496 3221 obliqua!
520 3151 635 3221 oblique
652 3157 717 3204 mv
737 3183 770 3194 -
788 3152 864 3206 facto
878 3156 942 3204 chr
967 3152 1034 3211 fato
1053 3160 1116 3211 mv

97 3225 148 3275 231
170 3219 290 3275 marium
305 3227 329 3275 V
346 3223 468 3278 macium
481 3228 523 3276 20
542 3224 661 3278 matium
674 3229 695 3276 r
714 3254 748 3263 —
766 3223 881 3292 repulso
900 3228 922 3274 Ε
974 3231 1031 3282 232
1052 3228 1116 3284 Par·

95 3291 203 3345 tulerat
221 3296 237 3342 Β
319 3298 371 3347 235
391 3293 515 3348 Effundit
534 3298 577 3346 ov
656 3300 708 3349 238
726 3292 848 3349 uolucris
866 3292 993 3361 liquidas
1012 3304 1032 3353 2
1051 3299 1072 3354 l.
1090 3316 1116 3357 u.

95 3363 180 3434 culpo
198 3392 232 3400 —
252 3361 391 3418 scinderet
415 3369 457 3417 ov
484 3363 590 3419 findere
612 3370 654 3417 22
763 3370 816 3420 240
840 3362 991 3429 Quantaue
1017 3370 1066 3427 uis
1083 3400 1115 3413 -

95 3433 238 3560 {phamas
256 3436 300 3488 est
318 3435 405 3490 Bothe
487 3440 538 3490 241
558 3436 669 3508 tonsae]
689 3441 806 3490 1112022
892 3439 945 3492 246
967 3438 1116 3498 desectum

128 3521 231 3560 cinarus
