<?xml version="1.0" encoding="UTF-8"?>
<!DOCTYPE html PUBLIC "-//W3C//DTD XHTML 1.0 Transitional//EN"
    "http://www.w3.org/TR/xhtml1/DTD/xhtml1-transitional.dtd">
<html xmlns="http://www.w3.org/1999/xhtml" xml:lang="en" lang="en">
 <head>
  <title>
</title>
<meta http-equiv="Content-Type" content="text/html;charset=utf-8" />
  <meta name='ocr-system' content='tesseract 3.04.00' />
  <meta name='ocr-capabilities' content='ocr_page ocr_carea ocr_par ocr_line ocrx_word'/>
</head>
<body>
  <div class='ocr_page' id='page_1' title='image "./siliitalicipuni00italgoog_0125.png"; bbox 0 0 2438 3924; ppageno 0'>
   <div class='ocr_carea' id='block_1_1' title="bbox 163 135 778 201">
    <p class='ocr_par' dir='ltr' id='par_1_1' title="bbox 163 135 778 201">
     <span class='ocr_line' id='line_1_1' title="bbox 163 135 778 201; baseline -0.002 -11"><span class='ocrx_word' id='word_1_1' title='bbox 163 136 228 201; x_wconf 87' lang='lat'>110</span> <span class='ocrx_word' id='word_1_2' title='bbox 558 135 627 191; x_wconf 87' lang='lat' dir='ltr'>SILI</span> <span class='ocrx_word' id='word_1_3' title='bbox 644 135 778 192; x_wconf 81' lang='lat' dir='ltr'>ITALIQI</span> 
     </span>
    </p>
   </div>
   <div class='ocr_carea' id='block_1_2' title="bbox 160 295 1179 913">
    <p class='ocr_par' dir='ltr' id='par_1_2' title="bbox 163 295 998 383">
     <span class='ocr_line' id='line_1_2' title="bbox 163 295 998 383; baseline 0 -21"><span class='ocrx_word' id='word_1_4' title='bbox 163 295 226 362; x_wconf 79' lang='lat' dir='ltr'>Sed</span> <span class='ocrx_word' id='word_1_5' title='bbox 249 301 380 362; x_wconf 88' lang='lat' dir='ltr'>current</span> <span class='ocrx_word' id='word_1_6' title='bbox 403 298 559 381; x_wconf 88' lang='lat' dir='ltr'>albusque</span> <span class='ocrx_word' id='word_1_7' title='bbox 582 297 649 361; x_wconf 88' lang='lat' dir='ltr'>dies</span> <span class='ocrx_word' id='word_1_8' title='bbox 671 297 834 382; x_wconf 82' lang='lat' dir='ltr'>horaeque</span> <span class='ocrx_word' id='word_1_9' title='bbox 859 320 998 383; x_wconf 87' lang='lat' dir='ltr'>serenae,</span> 
     </span>
    </p>

    <p class='ocr_par' dir='ltr' id='par_1_3' title="bbox 161 385 938 468">
     <span class='ocr_line' id='line_1_3' title="bbox 161 385 938 468; baseline 0.001 -18"><span class='ocrx_word' id='word_1_10' title='bbox 161 385 206 450; x_wconf 85' lang='lat' dir='ltr'>Et</span> <span class='ocrx_word' id='word_1_11' title='bbox 230 386 321 450; x_wconf 91' lang='lat' dir='ltr'>molli</span> <span class='ocrx_word' id='word_1_12' title='bbox 344 385 474 450; x_wconf 89' lang='lat' dir='ltr'>dabitur</span> <span class='ocrx_word' id='word_1_13' title='bbox 496 385 587 450; x_wconf 90' lang='lat' dir='ltr'>uictu</span> <span class='ocrx_word' id='word_1_14' title='bbox 611 407 741 468; x_wconf 86' lang='lat' dir='ltr'>sperare</span> <span class='ocrx_word' id='word_1_15' title='bbox 766 389 938 451; x_wconf 86' lang='lat' dir='ltr'>senectam.</span> 
     </span>
    </p>

    <p class='ocr_par' dir='ltr' id='par_1_4' title="bbox 160 472 1179 823">
     <span class='ocr_line' id='line_1_4' title="bbox 162 472 1179 558; baseline 0.004 -20"><span class='ocrx_word' id='word_1_16' title='bbox 162 472 308 550; x_wconf 86' lang='lat' dir='ltr'>Quantas</span> <span class='ocrx_word' id='word_1_17' title='bbox 331 473 401 558; x_wconf 89' lang='lat' dir='ltr'>ipse</span> <span class='ocrx_word' id='word_1_18' title='bbox 425 473 502 538; x_wconf 88' lang='lat' dir='ltr'>deus</span> <span class='ocrx_word' id='word_1_19' title='bbox 525 475 628 538; x_wconf 88' lang='lat' dir='ltr'>laetos</span> <span class='ocrx_word' id='word_1_20' title='bbox 653 474 821 558; x_wconf 85' lang='lat' dir='ltr'>generauit</span> <span class='ocrx_word' id='word_1_21' title='bbox 842 475 877 538; x_wconf 91' lang='lat' dir='ltr'>in</span> <span class='ocrx_word' id='word_1_22' title='bbox 900 497 978 539; x_wconf 88' lang='lat' dir='ltr'>usus</span> <span class='ocrx_word' id='word_1_23' title='bbox 1146 493 1179 542; x_wconf 79' lang='lat'>55</span> 
     </span>
     <span class='ocr_line' id='line_1_5' title="bbox 161 561 1075 647; baseline 0.003 -22"><span class='ocrx_word' id='word_1_24' title='bbox 161 561 226 626; x_wconf 86' lang='lat' dir='ltr'>Res</span> <span class='ocrx_word' id='word_1_25' title='bbox 248 562 375 628; x_wconf 90' lang='lat' dir='ltr'>homini</span> <span class='ocrx_word' id='word_1_26' title='bbox 398 563 558 646; x_wconf 89' lang='lat' dir='ltr'>plenaque</span> <span class='ocrx_word' id='word_1_27' title='bbox 582 562 671 626; x_wconf 87' lang='lat' dir='ltr'>dedit</span> <span class='ocrx_word' id='word_1_28' title='bbox 692 563 781 626; x_wconf 92' lang='lat' dir='ltr'>bona</span> <span class='ocrx_word' id='word_1_29' title='bbox 805 562 923 647; x_wconf 85' lang='lat' dir='ltr'>gaudia</span> <span class='ocrx_word' id='word_1_30' title='bbox 946 563 1075 629; x_wconf 82' lang='lat' dir='ltr'>dextra!</span> 
     </span>
     <span class='ocr_line' id='line_1_6' title="bbox 160 649 1003 735; baseline 0 -20"><span class='ocrx_word' id='word_1_31' title='bbox 160 649 269 734; x_wconf 87' lang='lat' dir='ltr'>Atque</span> <span class='ocrx_word' id='word_1_32' title='bbox 291 650 387 732; x_wconf 86' lang='lat' dir='ltr'>idem,</span> <span class='ocrx_word' id='word_1_33' title='bbox 410 650 574 733; x_wconf 87' lang='lat' dir='ltr'>exemplar</span> <span class='ocrx_word' id='word_1_34' title='bbox 597 650 680 714; x_wconf 87' lang='lat' dir='ltr'>lenis</span> <span class='ocrx_word' id='word_1_35' title='bbox 704 651 898 715; x_wconf 72' lang='lat' dir='ltr'><strong>mortalibus</strong></span> <span class='ocrx_word' id='word_1_36' title='bbox 922 651 1003 735; x_wconf 86' lang='lat' dir='ltr'>aeui,</span> 
     </span>
     <span class='ocr_line' id='line_1_7' title="bbox 160 739 914 823; baseline 0.001 -21"><span class='ocrx_word' id='word_1_37' title='bbox 160 739 402 823; x_wconf 83' lang='lat' dir='ltr'>imperturbata</span> <span class='ocrx_word' id='word_1_38' title='bbox 424 739 569 821; x_wconf 86' lang='lat' dir='ltr'>placidus</span> <span class='ocrx_word' id='word_1_39' title='bbox 592 742 682 803; x_wconf 91' lang='lat' dir='ltr'>tenet</span> <span class='ocrx_word' id='word_1_40' title='bbox 706 739 774 803; x_wconf 91' lang='lat' dir='ltr'>otia</span> <span class='ocrx_word' id='word_1_41' title='bbox 798 743 914 803; x_wconf 86' lang='lat' dir='ltr'>mente.</span> 
     </span>
    </p>

    <p class='ocr_par' dir='ltr' id='par_1_5' title="bbox 161 824 1179 913">
     <span class='ocr_line' id='line_1_8' title="bbox 161 824 1179 913; baseline 0.004 -23"><span class='ocrx_word' id='word_1_42' title='bbox 161 827 223 892; x_wconf 87' lang='lat' dir='ltr'>Illa</span> <span class='ocrx_word' id='word_1_43' title='bbox 247 848 306 913; x_wconf 84' lang='lat' dir='ltr'>ego</span> <span class='ocrx_word' id='word_1_44' title='bbox 331 849 411 905; x_wconf 88' lang='lat' dir='ltr'>sum,</span> <span class='ocrx_word' id='word_1_45' title='bbox 434 825 597 891; x_wconf 83' lang='lat' dir='ltr'><strong>Anchisae</strong></span> <span class='ocrx_word' id='word_1_46' title='bbox 616 826 776 892; x_wconf 85' lang='lat' dir='ltr'>Uenerem</span> <span class='ocrx_word' id='word_1_47' title='bbox 801 824 985 892; x_wconf 80' lang='lat' dir='ltr'>Simoentos</span> <span class='ocrx_word' id='word_1_48' title='bbox 1009 827 1051 892; x_wconf 91' lang='lat' dir='ltr'>ad</span> <span class='ocrx_word' id='word_1_49' title='bbox 1071 829 1179 894; x_wconf 86' lang='lat' dir='ltr'>undas</span> 
     </span>
    </p>
   </div>
   <div class='ocr_carea' id='block_1_3' title="bbox 155 914 1179 2037">
    <p class='ocr_par' dir='ltr' id='par_1_6' title="bbox 159 914 1179 1263">
     <span class='ocr_line' id='line_1_9' title="bbox 161 914 1179 998; baseline 0.003 -19"><span class='ocrx_word' id='word_1_50' title='bbox 161 914 250 990; x_wconf 83' lang='lat' dir='ltr'>Quae</span> <span class='ocrx_word' id='word_1_51' title='bbox 273 915 372 997; x_wconf 84' lang='lat' dir='ltr'>iunxi,</span> <span class='ocrx_word' id='word_1_52' title='bbox 395 915 523 998; x_wconf 84' lang='lat' dir='ltr'>generis</span> <span class='ocrx_word' id='word_1_53' title='bbox 547 915 641 979; x_wconf 89' lang='lat' dir='ltr'>uobis</span> <span class='ocrx_word' id='word_1_54' title='bbox 664 914 748 979; x_wconf 88' lang='lat' dir='ltr'>unde</span> <span class='ocrx_word' id='word_1_55' title='bbox 772 915 878 980; x_wconf 88' lang='lat' dir='ltr'>editus</span> <span class='ocrx_word' id='word_1_56' title='bbox 902 920 1023 980; x_wconf 85' lang='lat' dir='ltr'>auctor.</span> <span class='ocrx_word' id='word_1_57' title='bbox 1144 934 1179 983; x_wconf 84' lang='lat' dir='ltr'>eo</span> 
     </span>
     <span class='ocr_line' id='line_1_10' title="bbox 160 1002 1122 1088; baseline 0.002 -23"><span class='ocrx_word' id='word_1_58' title='bbox 160 1002 224 1066; x_wconf 89' lang='lat' dir='ltr'>Illa</span> <span class='ocrx_word' id='word_1_59' title='bbox 247 1023 307 1088; x_wconf 84' lang='lat' dir='ltr'>ego</span> <span class='ocrx_word' id='word_1_60' title='bbox 332 1024 413 1086; x_wconf 85' lang='lat' dir='ltr'>sum,</span> <span class='ocrx_word' id='word_1_61' title='bbox 437 1002 523 1066; x_wconf 88' lang='lat' dir='ltr'>uerti</span> <span class='ocrx_word' id='word_1_62' title='bbox 547 1024 699 1086; x_wconf 87' lang='lat' dir='ltr'>superum</span> <span class='ocrx_word' id='word_1_63' title='bbox 723 1025 804 1086; x_wconf 89' lang='lat' dir='ltr'>quae</span> <span class='ocrx_word' id='word_1_64' title='bbox 828 1025 924 1087; x_wconf 80' lang='lat' dir='ltr'>saepe</span> <span class='ocrx_word' id='word_1_65' title='bbox 946 1008 1122 1086; x_wconf 89' lang='lat' dir='ltr'>parentem</span> 
     </span>
     <span class='ocr_line' id='line_1_11' title="bbox 159 1089 1120 1174; baseline 0.002 -20"><span class='ocrx_word' id='word_1_66' title='bbox 159 1089 254 1154; x_wconf 90' lang='lat' dir='ltr'>Nunc</span> <span class='ocrx_word' id='word_1_67' title='bbox 278 1090 347 1155; x_wconf 91' lang='lat' dir='ltr'>auis</span> <span class='ocrx_word' id='word_1_68' title='bbox 371 1091 405 1155; x_wconf 92' lang='lat' dir='ltr'>in</span> <span class='ocrx_word' id='word_1_69' title='bbox 428 1090 576 1174; x_wconf 86' lang='lat' dir='ltr'>formam,</span> <span class='ocrx_word' id='word_1_70' title='bbox 598 1113 685 1156; x_wconf 92' lang='lat' dir='ltr'>nunc</span> <span class='ocrx_word' id='word_1_71' title='bbox 707 1091 795 1156; x_wconf 89' lang='lat' dir='ltr'>torui</span> <span class='ocrx_word' id='word_1_72' title='bbox 817 1091 852 1155; x_wconf 88' lang='lat' dir='ltr'>in</span> <span class='ocrx_word' id='word_1_73' title='bbox 875 1113 998 1157; x_wconf 89' lang='lat' dir='ltr'>cornua</span> <span class='ocrx_word' id='word_1_74' title='bbox 1020 1092 1120 1156; x_wconf 89' lang='lat' dir='ltr'>tauri.</span> 
     </span>
     <span class='ocr_line' id='line_1_12' title="bbox 160 1178 1025 1263; baseline 0.001 -21"><span class='ocrx_word' id='word_1_75' title='bbox 160 1178 232 1244; x_wconf 91' lang='lat' dir='ltr'>Huc</span> <span class='ocrx_word' id='word_1_76' title='bbox 255 1178 388 1243; x_wconf 84' lang='lat' dir='ltr'>aduerte</span> <span class='ocrx_word' id='word_1_77' title='bbox 412 1199 516 1243; x_wconf 88' lang='lat' dir='ltr'>aures.</span> <span class='ocrx_word' id='word_1_78' title='bbox 557 1180 658 1243; x_wconf 89' lang='lat' dir='ltr'>currit</span> <span class='ocrx_word' id='word_1_79' title='bbox 680 1179 875 1246; x_wconf 74' lang='lat' dir='ltr'>mortalibus</span> <span class='ocrx_word' id='word_1_80' title='bbox 900 1201 1025 1263; x_wconf 87' lang='lat' dir='ltr'>aeuum,</span> 
     </span>
    </p>

    <p class='ocr_par' dir='ltr' id='par_1_7' title="bbox 158 1265 1177 1616">
     <span class='ocr_line' id='line_1_13' title="bbox 159 1265 1062 1353; baseline 0.003 -23"><span class='ocrx_word' id='word_1_81' title='bbox 159 1265 229 1331; x_wconf 87' lang='lat' dir='ltr'>Nec</span> <span class='ocrx_word' id='word_1_82' title='bbox 251 1266 342 1331; x_wconf 88' lang='lat' dir='ltr'>nasci</span> <span class='ocrx_word' id='word_1_83' title='bbox 364 1267 415 1331; x_wconf 89' lang='lat' dir='ltr'>bis</span> <span class='ocrx_word' id='word_1_84' title='bbox 438 1289 536 1351; x_wconf 87' lang='lat' dir='ltr'>posse</span> <span class='ocrx_word' id='word_1_85' title='bbox 559 1266 666 1351; x_wconf 61' lang='lat' dir='ltr'>datum</span> <span class='ocrx_word' id='word_1_86' title='bbox 689 1268 776 1352; x_wconf 82' lang='lat' dir='ltr'>fugit</span> <span class='ocrx_word' id='word_1_87' title='bbox 798 1268 889 1352; x_wconf 86' lang='lat' dir='ltr'>hora,</span> <span class='ocrx_word' id='word_1_88' title='bbox 911 1269 1062 1353; x_wconf 88' lang='lat' dir='ltr'>rapitque</span> 
     </span>
     <span class='ocr_line' id='line_1_14' title="bbox 159 1354 1177 1436; baseline 0.005 -18"><span class='ocrx_word' id='word_1_89' title='bbox 159 1354 333 1419; x_wconf 82' lang='lat' dir='ltr'>Tartareus</span> <span class='ocrx_word' id='word_1_90' title='bbox 356 1358 483 1419; x_wconf 90' lang='lat' dir='ltr'>torrens</span> <span class='ocrx_word' id='word_1_91' title='bbox 507 1377 545 1420; x_wconf 91' lang='lat' dir='ltr'>ac</span> <span class='ocrx_word' id='word_1_92' title='bbox 570 1376 678 1420; x_wconf 89' lang='lat' dir='ltr'>secum</span> <span class='ocrx_word' id='word_1_93' title='bbox 701 1355 785 1420; x_wconf 87' lang='lat' dir='ltr'>ferre</span> <span class='ocrx_word' id='word_1_94' title='bbox 809 1357 869 1420; x_wconf 91' lang='lat' dir='ltr'>sub</span> <span class='ocrx_word' id='word_1_95' title='bbox 892 1356 1035 1436; x_wconf 85' lang='lat' dir='ltr'>umbras,</span> <span class='ocrx_word' id='word_1_96' title='bbox 1143 1373 1177 1423; x_wconf 76' lang='lat' dir='ltr'>se</span> 
     </span>
     <span class='ocr_line' id='line_1_15' title="bbox 160 1440 1112 1529; baseline 0.005 -23"><span class='ocrx_word' id='word_1_97' title='bbox 160 1440 196 1507; x_wconf 78' lang='lat' dir='ltr'>si</span> <span class='ocrx_word' id='word_1_98' title='bbox 219 1464 282 1526; x_wconf 88' lang='lat' dir='ltr'>qua</span> <span class='ocrx_word' id='word_1_99' title='bbox 305 1443 413 1508; x_wconf 89' lang='lat' dir='ltr'>animo</span> <span class='ocrx_word' id='word_1_100' title='bbox 436 1444 597 1527; x_wconf 84' lang='lat' dir='ltr'>placuere,</span> <span class='ocrx_word' id='word_1_101' title='bbox 619 1450 727 1529; x_wconf 84' lang='lat' dir='ltr'>negat.</span> <span class='ocrx_word' id='word_1_102' title='bbox 765 1444 836 1529; x_wconf 90' lang='lat' dir='ltr'>quis</span> <span class='ocrx_word' id='word_1_103' title='bbox 860 1445 932 1509; x_wconf 89' lang='lat' dir='ltr'>luce</span> <span class='ocrx_word' id='word_1_104' title='bbox 956 1466 1112 1528; x_wconf 88' lang='lat' dir='ltr'>suprema</span> 
     </span>
     <span class='ocr_line' id='line_1_16' title="bbox 158 1530 950 1616; baseline 0.004 -22"><span class='ocrx_word' id='word_1_105' title='bbox 158 1530 331 1595; x_wconf 88' lang='lat' dir='ltr'>Dimisisse</span> <span class='ocrx_word' id='word_1_106' title='bbox 355 1553 443 1596; x_wconf 91' lang='lat' dir='ltr'>meas</span> <span class='ocrx_word' id='word_1_107' title='bbox 468 1553 539 1596; x_wconf 87' lang='lat' dir='ltr'>sero</span> <span class='ocrx_word' id='word_1_108' title='bbox 562 1553 628 1596; x_wconf 93' lang='lat' dir='ltr'>non</span> <span class='ocrx_word' id='word_1_109' title='bbox 652 1532 789 1616; x_wconf 82' lang='lat' dir='ltr'>ingemit</span> <span class='ocrx_word' id='word_1_110' title='bbox 811 1531 950 1597; x_wconf 73' lang='lat' dir='ltr'>horasl’</span> 
     </span>
    </p>

    <p class='ocr_par' dir='ltr' id='par_1_8' title="bbox 155 1618 1177 2037">
     <span class='ocr_line' id='line_1_17' title="bbox 202 1618 1074 1704; baseline 0.003 -21"><span class='ocrx_word' id='word_1_111' title='bbox 202 1618 383 1703; x_wconf 90' lang='lat' dir='ltr'>Postquam</span> <span class='ocrx_word' id='word_1_112' title='bbox 407 1621 573 1704; x_wconf 78' lang='lat' dir='ltr'>conticuit,</span> <span class='ocrx_word' id='word_1_113' title='bbox 596 1621 735 1704; x_wconf 86' lang='lat' dir='ltr'>finisque</span> <span class='ocrx_word' id='word_1_114' title='bbox 759 1624 808 1685; x_wconf 88' lang='lat' dir='ltr'>est</span> <span class='ocrx_word' id='word_1_115' title='bbox 833 1621 944 1686; x_wconf 85' lang='lat' dir='ltr'>addita</span> <span class='ocrx_word' id='word_1_116' title='bbox 966 1620 1074 1702; x_wconf 84' lang='lat' dir='ltr'>dietis,</span> 
     </span>
     <span class='ocr_line' id='line_1_18' title="bbox 158 1705 1177 1796; baseline 0.005 -26"><span class='ocrx_word' id='word_1_117' title='bbox 158 1706 241 1771; x_wconf 83' lang='lat' dir='ltr'>Tum</span> <span class='ocrx_word' id='word_1_118' title='bbox 264 1705 391 1773; x_wconf 85' lang='lat' dir='ltr'>Uirtus:</span> <span class='ocrx_word' id='word_1_119' title='bbox 422 1707 603 1783; x_wconf 76' lang='lat' dir='ltr'>‘Quasnam</span> <span class='ocrx_word' id='word_1_120' title='bbox 630 1709 780 1773; x_wconf 89' lang='lat' dir='ltr'>iuuenem</span> <span class='ocrx_word' id='word_1_121' title='bbox 807 1708 997 1773; x_wconf 89' lang='lat' dir='ltr'>florentibus</span> <span class='ocrx_word' id='word_1_122' title='bbox 1004 1708 1024 1794; x_wconf 88' lang='lat'>‚&#39;</span> <span class='ocrx_word' id='word_1_123' title='bbox 1056 1711 1177 1796; x_wconf 85' lang='lat' dir='ltr'>inquit,</span> 
     </span>
     <span class='ocr_line' id='line_1_19' title="bbox 157 1794 1175 1882; baseline 0.007 -24"><span class='ocrx_word' id='word_1_124' title='bbox 157 1794 304 1860; x_wconf 69' lang='lat' dir='ltr'>‘Pollicis</span> <span class='ocrx_word' id='word_1_125' title='bbox 327 1796 513 1861; x_wconf 83' lang='lat' dir='ltr'>infrendes</span> <span class='ocrx_word' id='word_1_126' title='bbox 538 1797 630 1861; x_wconf 89' lang='lat' dir='ltr'>annis</span> <span class='ocrx_word' id='word_1_127' title='bbox 654 1798 806 1881; x_wconf 86' lang='lat' dir='ltr'>uitaeque</span> <span class='ocrx_word' id='word_1_128' title='bbox 829 1798 992 1882; x_wconf 88' lang='lat' dir='ltr'>tenebras,</span> <span class='ocrx_word' id='word_1_129' title='bbox 1141 1816 1175 1865; x_wconf 75' lang='lat'>‘10</span> 
     </span>
     <span class='ocr_line' id='line_1_20' title="bbox 157 1880 1014 1969; baseline 0.002 -22"><span class='ocrx_word' id='word_1_130' title='bbox 157 1880 218 1947; x_wconf 83' lang='lat' dir='ltr'>Oui</span> <span class='ocrx_word' id='word_1_131' title='bbox 240 1884 325 1949; x_wconf 89' lang='lat' dir='ltr'>ratio</span> <span class='ocrx_word' id='word_1_132' title='bbox 350 1888 384 1948; x_wconf 92' lang='lat' dir='ltr'>et</span> <span class='ocrx_word' id='word_1_133' title='bbox 407 1905 545 1969; x_wconf 85' lang='lat' dir='ltr'>magnae</span> <span class='ocrx_word' id='word_1_134' title='bbox 569 1885 723 1949; x_wconf 86' lang='lat' dir='ltr'>caelestia</span> <span class='ocrx_word' id='word_1_135' title='bbox 747 1885 873 1949; x_wconf 86' lang='lat' dir='ltr'>semina</span> <span class='ocrx_word' id='word_1_136' title='bbox 896 1887 1014 1950; x_wconf 90' lang='lat' dir='ltr'>mentis</span> 
     </span>
     <span class='ocr_line' id='line_1_21' title="bbox 155 1968 1025 2037; baseline 0.003 -4"><span class='ocrx_word' id='word_1_137' title='bbox 155 1968 290 2036; x_wconf 87' lang='lat' dir='ltr'>Munere</span> <span class='ocrx_word' id='word_1_138' title='bbox 314 1976 391 2036; x_wconf 88' lang='lat' dir='ltr'>sunt</span> <span class='ocrx_word' id='word_1_139' title='bbox 413 1994 566 2037; x_wconf 87' lang='lat' dir='ltr'>concessa</span> <span class='ocrx_word' id='word_1_140' title='bbox 589 1971 708 2037; x_wconf 81' lang='lat' dir='ltr'>deum?</span> <span class='ocrx_word' id='word_1_141' title='bbox 745 1973 939 2037; x_wconf 75' lang='lat' dir='ltr'>mortalibus</span> <span class='ocrx_word' id='word_1_142' title='bbox 964 1973 1025 2037; x_wconf 87' lang='lat' dir='ltr'>alti</span> 
     </span>
    </p>
   </div>
   <div class='ocr_carea' id='block_1_4' title="bbox 69 2058 1046 2141">
    <p class='ocr_par' dir='ltr' id='par_1_9' title="bbox 69 2058 1046 2141">
     <span class='ocr_line' id='line_1_22' title="bbox 69 2058 1046 2141; baseline 0.002 -18"><span class='ocrx_word' id='word_1_143' title='bbox 69 2099 78 2111; x_wconf 87' lang='lat'>·</span> <span class='ocrx_word' id='word_1_144' title='bbox 158 2058 321 2134; x_wconf 88' lang='lat' dir='ltr'>Quantum</span> <span class='ocrx_word' id='word_1_145' title='bbox 344 2060 525 2141; x_wconf 86' lang='lat' dir='ltr'>caelicolae,</span> <span class='ocrx_word' id='word_1_146' title='bbox 548 2061 750 2125; x_wconf 89' lang='lat' dir='ltr'>tantumdem</span> <span class='ocrx_word' id='word_1_147' title='bbox 774 2061 968 2126; x_wconf 85' lang='lat' dir='ltr'>animalibus</span> <span class='ocrx_word' id='word_1_148' title='bbox 991 2061 1046 2126; x_wconf 89' lang='lat' dir='ltr'>isti</span> 
     </span>
    </p>
   </div>
   <div class='ocr_carea' id='block_1_5' title="bbox 153 2146 1174 3025">
    <p class='ocr_par' dir='ltr' id='par_1_10' title="bbox 154 2146 1174 2408">
     <span class='ocr_line' id='line_1_23' title="bbox 156 2146 1089 2234; baseline 0.004 -24"><span class='ocrx_word' id='word_1_149' title='bbox 156 2146 361 2212; x_wconf 88' lang='lat' dir='ltr'>Praecellunt</span> <span class='ocrx_word' id='word_1_150' title='bbox 385 2148 518 2212; x_wconf 89' lang='lat' dir='ltr'>cunctis.</span> <span class='ocrx_word' id='word_1_151' title='bbox 554 2148 671 2212; x_wconf 86' lang='lat' dir='ltr'>tribuit</span> <span class='ocrx_word' id='word_1_152' title='bbox 688 2171 829 2234; x_wconf 90' lang='lat' dir='ltr'>namque</span> <span class='ocrx_word' id='word_1_153' title='bbox 852 2149 924 2233; x_wconf 86' lang='lat' dir='ltr'>ipsa</span> <span class='ocrx_word' id='word_1_154' title='bbox 946 2149 1089 2215; x_wconf 88' lang='lat' dir='ltr'>minores</span> 
     </span>
     <span class='ocr_line' id='line_1_24' title="bbox 156 2233 1174 2320; baseline 0.006 -22"><span class='ocrx_word' id='word_1_155' title='bbox 156 2233 226 2299; x_wconf 91' lang='lat' dir='ltr'>Hos</span> <span class='ocrx_word' id='word_1_156' title='bbox 250 2236 345 2300; x_wconf 87' lang='lat' dir='ltr'>terris</span> <span class='ocrx_word' id='word_1_157' title='bbox 369 2234 498 2300; x_wconf 86' lang='lat' dir='ltr'>Natura</span> <span class='ocrx_word' id='word_1_158' title='bbox 520 2237 610 2320; x_wconf 89' lang='lat' dir='ltr'>deos;</span> <span class='ocrx_word' id='word_1_159' title='bbox 634 2237 689 2301; x_wconf 90' lang='lat' dir='ltr'>sed</span> <span class='ocrx_word' id='word_1_160' title='bbox 712 2237 842 2302; x_wconf 91' lang='lat' dir='ltr'>foedere</span> <span class='ocrx_word' id='word_1_161' title='bbox 865 2241 954 2302; x_wconf 88' lang='lat' dir='ltr'>certo</span> <span class='ocrx_word' id='word_1_162' title='bbox 1139 2255 1174 2304; x_wconf 79' lang='lat'>75</span> 
     </span>
     <span class='ocr_line' id='line_1_25' title="bbox 154 2321 1020 2408; baseline 0.005 -22"><span class='ocrx_word' id='word_1_163' title='bbox 154 2321 340 2408; x_wconf 85' lang='lat' dir='ltr'>Degeneres</span> <span class='ocrx_word' id='word_1_164' title='bbox 364 2324 508 2390; x_wconf 86' lang='lat' dir='ltr'>tenebris</span> <span class='ocrx_word' id='word_1_165' title='bbox 531 2325 655 2389; x_wconf 87' lang='lat' dir='ltr'>animas</span> <span class='ocrx_word' id='word_1_166' title='bbox 680 2324 848 2390; x_wconf 85' lang='lat' dir='ltr'>damnauit</span> <span class='ocrx_word' id='word_1_167' title='bbox 870 2325 1020 2390; x_wconf 86' lang='lat' dir='ltr'>Auernis.</span> 
     </span>
    </p>

    <p class='ocr_par' dir='ltr' id='par_1_11' title="bbox 156 2411 920 2497">
     <span class='ocr_line' id='line_1_26' title="bbox 156 2411 920 2497; baseline 0.004 -23"><span class='ocrx_word' id='word_1_168' title='bbox 156 2411 210 2494; x_wconf 88' lang='lat' dir='ltr'>At,</span> <span class='ocrx_word' id='word_1_169' title='bbox 233 2411 305 2496; x_wconf 88' lang='lat' dir='ltr'>quis</span> <span class='ocrx_word' id='word_1_170' title='bbox 329 2411 465 2476; x_wconf 89' lang='lat' dir='ltr'>aetherii</span> <span class='ocrx_word' id='word_1_171' title='bbox 489 2417 639 2477; x_wconf 89' lang='lat' dir='ltr'>seruatur</span> <span class='ocrx_word' id='word_1_172' title='bbox 662 2413 794 2478; x_wconf 90' lang='lat' dir='ltr'>seminis</span> <span class='ocrx_word' id='word_1_173' title='bbox 819 2416 920 2497; x_wconf 88' lang='lat' dir='ltr'>ortus,</span> 
     </span>
    </p>

    <p class='ocr_par' dir='ltr' id='par_1_12' title="bbox 154 2495 1170 2850">
     <span class='ocr_line' id='line_1_27' title="bbox 156 2495 1115 2585; baseline 0.005 -23"><span class='ocrx_word' id='word_1_174' title='bbox 156 2495 245 2563; x_wconf 79' lang='lat' dir='ltr'>Oceli</span> <span class='ocrx_word' id='word_1_175' title='bbox 267 2503 363 2583; x_wconf 88' lang='lat' dir='ltr'>porta</span> <span class='ocrx_word' id='word_1_176' title='bbox 386 2503 486 2582; x_wconf 88' lang='lat' dir='ltr'>patet.</span> <span class='ocrx_word' id='word_1_177' title='bbox 522 2500 661 2565; x_wconf 87' lang='lat' dir='ltr'>referam</span> <span class='ocrx_word' id='word_1_178' title='bbox 684 2501 762 2585; x_wconf 88' lang='lat' dir='ltr'>quid</span> <span class='ocrx_word' id='word_1_179' title='bbox 784 2504 901 2566; x_wconf 90' lang='lat' dir='ltr'>cuncta</span> <span class='ocrx_word' id='word_1_180' title='bbox 925 2500 1115 2567; x_wconf 91' lang='lat' dir='ltr'>domantem</span> 
     </span>
     <span class='ocr_line' id='line_1_28' title="bbox 154 2586 1111 2673; baseline 0.008 -24"><span class='ocrx_word' id='word_1_181' title='bbox 154 2586 505 2672; x_wconf 74' lang='lat' dir='ltr'>Amphitryoniadem?</span> <span class='ocrx_word' id='word_1_182' title='bbox 542 2588 629 2673; x_wconf 88' lang='lat' dir='ltr'>quid,</span> <span class='ocrx_word' id='word_1_183' title='bbox 651 2590 711 2671; x_wconf 84' lang='lat' dir='ltr'>cui,</span> <span class='ocrx_word' id='word_1_184' title='bbox 733 2593 811 2672; x_wconf 92' lang='lat' dir='ltr'>post</span> <span class='ocrx_word' id='word_1_185' title='bbox 835 2586 930 2653; x_wconf 82' lang='lat' dir='ltr'>Seras</span> <span class='ocrx_word' id='word_1_186' title='bbox 954 2592 987 2653; x_wconf 88' lang='lat' dir='ltr'>et</span> <span class='ocrx_word' id='word_1_187' title='bbox 1009 2589 1111 2656; x_wconf 87' lang='lat' dir='ltr'>Indos</span> 
     </span>
     <span class='ocr_line' id='line_1_29' title="bbox 155 2671 1170 2761; baseline 0.008 -23"><span class='ocrx_word' id='word_1_188' title='bbox 155 2671 293 2759; x_wconf 79' lang='lat' dir='ltr'>Captiuo</span> <span class='ocrx_word' id='word_1_189' title='bbox 317 2675 414 2740; x_wconf 88' lang='lat' dir='ltr'>Liber</span> <span class='ocrx_word' id='word_1_190' title='bbox 437 2698 509 2741; x_wconf 93' lang='lat' dir='ltr'>cum</span> <span class='ocrx_word' id='word_1_191' title='bbox 534 2678 629 2761; x_wconf 83' lang='lat' dir='ltr'>signa</span> <span class='ocrx_word' id='word_1_192' title='bbox 651 2675 787 2741; x_wconf 87' lang='lat' dir='ltr'>referret</span> <span class='ocrx_word' id='word_1_193' title='bbox 810 2676 851 2741; x_wconf 91' lang='lat' dir='ltr'>ab</span> <span class='ocrx_word' id='word_1_194' title='bbox 870 2676 970 2760; x_wconf 78' lang='lat' dir='ltr'>Euro,</span> <span class='ocrx_word' id='word_1_195' title='bbox 1135 2696 1170 2746; x_wconf 83' lang='lat'>80</span> 
     </span>
     <span class='ocr_line' id='line_1_30' title="bbox 155 2759 1002 2850; baseline 0 -23"><span class='ocrx_word' id='word_1_196' title='bbox 155 2759 338 2828; x_wconf 82' lang='lat' dir='ltr'>Caucaseae</span> <span class='ocrx_word' id='word_1_197' title='bbox 362 2785 491 2828; x_wconf 89' lang='lat' dir='ltr'>currum</span> <span class='ocrx_word' id='word_1_198' title='bbox 514 2764 632 2829; x_wconf 88' lang='lat' dir='ltr'>duxere</span> <span class='ocrx_word' id='word_1_199' title='bbox 654 2786 713 2850; x_wconf 90' lang='lat' dir='ltr'>per</span> <span class='ocrx_word' id='word_1_200' title='bbox 736 2765 855 2849; x_wconf 89' lang='lat' dir='ltr'>oppida</span> <span class='ocrx_word' id='word_1_201' title='bbox 877 2764 1002 2850; x_wconf 76' lang='lat' dir='ltr'>tigres?</span> 
     </span>
    </p>

    <p class='ocr_par' dir='ltr' id='par_1_13' title="bbox 155 2848 980 2936">
     <span class='ocr_line' id='line_1_31' title="bbox 155 2848 980 2936; baseline 0.004 -22"><span class='ocrx_word' id='word_1_202' title='bbox 155 2848 237 2924; x_wconf 83' lang='lat' dir='ltr'>Quid</span> <span class='ocrx_word' id='word_1_203' title='bbox 262 2851 442 2935; x_wconf 86' lang='lat' dir='ltr'>suspiratos</span> <span class='ocrx_word' id='word_1_204' title='bbox 467 2853 643 2936; x_wconf 84' lang='lat' dir='ltr'>magnoin</span> <span class='ocrx_word' id='word_1_205' title='bbox 667 2853 851 2918; x_wconf 87' lang='lat' dir='ltr'>discrimine</span> <span class='ocrx_word' id='word_1_206' title='bbox 869 2853 980 2917; x_wconf 91' lang='lat' dir='ltr'>nautis</span> 
     </span>
    </p>

    <p class='ocr_par' dir='ltr' id='par_1_14' title="bbox 153 2937 1052 3025">
     <span class='ocr_line' id='line_1_32' title="bbox 153 2937 1052 3025; baseline 0.006 -23"><span class='ocrx_word' id='word_1_207' title='bbox 153 2937 299 3004; x_wconf 86' lang='lat' dir='ltr'>Ledaeos</span> <span class='ocrx_word' id='word_1_208' title='bbox 323 2940 462 3004; x_wconf 79' lang='lat' dir='ltr'>referam</span> <span class='ocrx_word' id='word_1_209' title='bbox 485 2940 603 3004; x_wconf 84' lang='lat' dir='ltr'>fratres</span> <span class='ocrx_word' id='word_1_210' title='bbox 627 2944 835 3025; x_wconf 86' lang='lat' dir='ltr'>uestrumque</span> <span class='ocrx_word' id='word_1_211' title='bbox 860 2940 1052 3018; x_wconf 72' lang='lat' dir='ltr'>Quirinum?</span> 
     </span>
    </p>
   </div>
   <div class='ocr_carea' id='block_1_6' title="bbox 152 3200 1171 3540">
    <p class='ocr_par' dir='ltr' id='par_1_15' title="bbox 152 3200 1171 3540">
     <span class='ocr_line' id='line_1_33' title="bbox 223 3200 1169 3262; baseline 0.007 -7"><span class='ocrx_word' id='word_1_212' title='bbox 223 3206 256 3256; x_wconf 80' lang='grc'>67</span> <span class='ocrx_word' id='word_1_213' title='bbox 276 3200 381 3256; x_wconf 84' lang='lat' dir='ltr'>lenieo</span> <span class='ocrx_word' id='word_1_214' title='bbox 400 3201 472 3256; x_wconf 87' lang='lat' dir='ltr'>leuis</span> <span class='ocrx_word' id='word_1_215' title='bbox 485 3207 550 3254; x_wconf 68' lang='grc' dir='ltr'>Ην</span> <span class='ocrx_word' id='word_1_216' title='bbox 586 3207 620 3257; x_wconf 80' lang='lat'>58</span> <span class='ocrx_word' id='word_1_217' title='bbox 639 3203 754 3258; x_wconf 79' lang='lat' dir='ltr'>tenstv</span> <span class='ocrx_word' id='word_1_218' title='bbox 773 3206 853 3258; x_wconf 89' lang='lat' dir='ltr'>tener</span> <span class='ocrx_word' id='word_1_219' title='bbox 866 3209 928 3257; x_wconf 68' lang='grc' dir='ltr'>ΠΟ</span> <span class='ocrx_word' id='word_1_220' title='bbox 947 3201 1014 3258; x_wconf 86' lang='lat' dir='ltr'>terit</span> <span class='ocrx_word' id='word_1_221' title='bbox 1027 3202 1169 3262; x_wconf 73' lang='lat' dir='ltr'>Heinsius</span> 
     </span>
     <span class='ocr_line' id='line_1_34' title="bbox 152 3272 1171 3342; baseline 0.004 -16"><span class='ocrx_word' id='word_1_222' title='bbox 152 3276 186 3326; x_wconf 77' lang='grc'>59</span> <span class='ocrx_word' id='word_1_223' title='bbox 217 3272 368 3328; x_wconf 87' lang='lat' dir='ltr'>simoentos</span> <span class='ocrx_word' id='word_1_224' title='bbox 392 3277 435 3324; x_wconf 64' lang='lat'>111¹</span> <span class='ocrx_word' id='word_1_225' title='bbox 464 3273 516 3339; x_wconf 81' lang='lat' dir='ltr'>(cf.</span> <span class='ocrx_word' id='word_1_226' title='bbox 542 3272 627 3326; x_wconf 88' lang='lat' dir='ltr'><strong><em>XVI.</em></strong></span> <span class='ocrx_word' id='word_1_227' title='bbox 651 3277 723 3342; x_wconf 85' lang='lat'><em>370)</em></span> <span class='ocrx_word' id='word_1_228' title='bbox 751 3274 891 3330; x_wconf 85' lang='lat' dir='ltr'>simeonta</span> <span class='ocrx_word' id='word_1_229' title='bbox 915 3279 934 3327; x_wconf 90' lang='grc'><strong>0</strong></span> <span class='ocrx_word' id='word_1_230' title='bbox 967 3274 1117 3329; x_wconf 82' lang='lat' dir='ltr'>simeuntis</span> <span class='ocrx_word' id='word_1_231' title='bbox 1147 3283 1171 3330; x_wconf 86' lang='lat' dir='ltr'>v</span> 
     </span>
     <span class='ocr_line' id='line_1_35' title="bbox 152 3341 1171 3467; baseline 0.006 -70"><span class='ocrx_word' id='word_1_232' title='bbox 152 3347 186 3397; x_wconf 84' lang='lat'>68</span> <span class='ocrx_word' id='word_1_233' title='bbox 211 3341 309 3398; x_wconf 80' lang='lat' dir='ltr'>abdita</span> <span class='ocrx_word' id='word_1_234' title='bbox 331 3349 352 3396; x_wconf 77' lang='lat' dir='ltr'>r</span> <span class='ocrx_word' id='word_1_235' title='bbox 434 3348 476 3399; x_wconf 74' lang='lat'>74.</span> <span class='ocrx_word' id='word_1_236' title='bbox 496 3347 530 3398; x_wconf 73' lang='lat'>75</span> <span class='ocrx_word' id='word_1_237' title='bbox 548 3343 656 3399; x_wconf 89' lang='lat' dir='ltr'>minore</span> <span class='ocrx_word' id='word_1_238' title='bbox 676 3375 708 3384; x_wconf 92' lang='lat'>-</span> <span class='ocrx_word' id='word_1_239' title='bbox 729 3345 782 3399; x_wconf 92' lang='lat' dir='ltr'>deo</span> <span class='ocrx_word' id='word_1_240' title='bbox 801 3349 827 3415; x_wconf 74' lang='lat' dir='ltr'>s,</span> <span class='ocrx_word' id='word_1_241' title='bbox 845 3346 918 3467; x_wconf 61' lang='lat' dir='ltr'>lm</span> <span class='ocrx_word' id='word_1_242' title='bbox 930 3345 1010 3414; x_wconf 82' lang='lat' dir='ltr'>prob.</span> <span class='ocrx_word' id='word_1_243' title='bbox 1029 3343 1171 3403; x_wconf 75' lang='lat' dir='ltr'>Heinsius</span> 
     </span>
     <span class='ocr_line' id='line_1_36' title="bbox 152 3413 1168 3485; baseline 0.008 -19"><span class='ocrx_word' id='word_1_244' title='bbox 152 3413 325 3469; x_wconf 86' lang='lat' dir='ltr'>minores-</span> <span class='ocrx_word' id='word_1_245' title='bbox 345 3413 730 3485; x_wconf 53' lang='lat' dir='ltr'>decrementisque</span> <span class='ocrx_word' id='word_1_246' title='bbox 781 3414 1009 3470; x_wconf 68' lang='lat' dir='ltr'>reconsuite</span> <span class='ocrx_word' id='word_1_247' title='bbox 1052 3422 1095 3484; x_wconf 75' lang='grc' dir='ltr'>Ι78</span> <span class='ocrx_word' id='word_1_248' title='bbox 1115 3418 1168 3474; x_wconf 90' lang='lat' dir='ltr'>do-</span> 
     </span>
     <span class='ocr_line' id='line_1_37' title="bbox 152 3483 590 3540; baseline 0 -3"><span class='ocrx_word' id='word_1_249' title='bbox 152 3487 302 3539; x_wconf 71' lang='lat' dir='ltr'>nantemb</span> <span class='ocrx_word' id='word_1_250' title='bbox 377 3490 410 3540; x_wconf 81' lang='grc'>83</span> <span class='ocrx_word' id='word_1_251' title='bbox 428 3483 546 3539; x_wconf 84' lang='lat' dir='ltr'>fratrem</span> <span class='ocrx_word' id='word_1_252' title='bbox 569 3490 590 3537; x_wconf 73' lang='lat' dir='ltr'>r</span> 
     </span>
    </p>
   </div>
   <div class='ocr_carea' id='block_1_7' title="bbox 0 0 1224 3924">
    <p class='ocr_par' dir='ltr' id='par_1_16' title="bbox 0 0 1224 3924">
     <span class='ocr_line' id='line_1_38' title="bbox 0 0 1224 3924; baseline 0 3"><span class='ocrx_word' id='word_1_253' title='bbox 0 0 1224 3924; x_wconf 95' lang='lat' dir='ltr'> </span> 
     </span>
    </p>
   </div>
  </div>
 </body>
</html>
