2438 3924
355 175 571 233 PUNICORUM
588 177 696 233 LIBER
713 178 786 234 XIII.
1030 179 1076 245 79

67 337 180 424 Oerne,
203 342 372 405 cruentato
396 341 512 405 uolnus
537 341 596 405 sub
620 343 751 426 pectore
774 344 883 407 seruat
913 374 915 378 ·
1027 358 1079 409 825

65 428 191 494 Tristia
213 427 336 493 defensi
359 428 443 493 ferro
467 433 678 494 monumenta
699 429 843 514 pudoris,

65 517 113 583 Et
135 518 275 602 patriam
298 517 410 582 laudat
433 518 616 583 miserando
640 519 675 582 in
697 519 833 583 uulnere
857 519 1013 585 dextram.

64 606 131 672 Illa
154 610 213 689 est,
236 627 319 690 quae
342 605 507 690 Thybrim,
532 628 614 690 quae
637 607 737 692 fregit
758 606 863 692 Lydia
885 607 983 691 bella,

65 694 219 760 Nondum
242 716 341 778 passa
364 717 496 778 marem,
521 694 626 779 qualis
650 695 788 778 optabat
810 695 931 760 habere

67 782 238 859 Quondam
248 781 353 847 Roma
366 783 465 864 uiros,
479 785 698 869 contemptrix
708 781 833 850 (1188118
844 782 956 849 sexus'
970 820 1007 832 -
1025 800 1079 850 880

68 870 162 956 Cum,
185 870 294 936 subito
319 875 453 955 aspectu
475 873 637 956 turbatus,
660 872 769 956 Scipio
791 873 906 956 poscit,

67 960 158 1037 Quae
180 980 304 1044 poenae
327 980 434 1043 causa,
457 964 490 1025 et
513 962 568 1045 qui
591 961 715 1026 sintin
737 961 872 1026 crimine
896 982 1018 1026 manes.

67 1047 151 1113 Tum
174 1047 283 1132 uirgo:
307 1046 447 1114 ‘Patrios
469 1049 571 1134 fregit
593 1071 675 1134 quae
699 1049 846 1115 curribus
867 1056 958 1114 artus

65 1136 113 1202 Et
136 1136 230 1201 stetit
252 1130 398 1202 adductis
422 1159 520 1222 super
542 1159 599 1202 ora
621 1138 796 1202 trementia
818 1138 928 1221 frenis,

67 1224 186 1308 Tullia,
207 1247 274 1290 non
296 1225 383 1290 ullos
407 1228 487 1291 satis
511 1226 707 1292 exhaustura
726 1226 864 1309 labores,
1023 1241 1077 1291 835

65 1311 204 1378 Ardenti
225 1313 465 1399 Phlegethonte
486 1318 590 1379 natat.
626 1315 812 1380 fornacibus
837 1313 917 1379 atris

64 1401 152 1467 Fons
175 1401 308 1486 rapidus
331 1403 411 1467 furit
434 1407 531 1487 atque
553 1406 644 1469 ustos
668 1404 728 1468 sub
751 1404 882 1489 gurgite
901 1406 1012 1468 cautes

64 1490 182 1576 Egerit
204 1494 238 1554 et
261 1491 403 1574 scopulis
426 1493 538 1575 pulsat
560 1492 774 1576 flagrantibus
798 1513 864 1557 ora.

65 1578 132 1644 1118
155 1583 273 1664 autem,
296 1601 385 1664 quae.
402 1580 556 1644 tondetur
578 1579 766 1663 praecordio
788 1582 896 1644 rostro

65 1668 167 1733 Alitis
185 1705 230 1714 -
249 1689 290 1733 en
313 1670 470 1752 quantum
493 1673 624 1732 resonat
645 1667 875 1752 plangentibus
899 1666 960 1731 alis
1022 1682 1077 1731 840

65 1757 218 1840 Armiger
242 1756 283 1820 ad
306 1759 420 1840 postus
452 1756 579 1821 rediens
600 1755 704 1821 Iouis!
723 1793 767 1803 —
789 1754 940 1820 hostibus
970 1775 1077 1819 arcem

66 1843 181 1930 Uirgo,
202 1844 346 1908 immane
363 1844 467 1928 nefas,
489 1844 641 1909 adamato
664 1843 807 1928 prodidit
830 1865 908 1908 auro

67 1932 210 2018 Tarpeia
232 1935 267 1996 81
289 1931 394 2016 pactis
417 1933 577 1997 reserauit
600 1933 743 1998 claustra
766 1931 904 1998 Sabinis.

65 2021 163 2087 quta
179 2056 219 2068 -
234 2042 341 2086 nonne
363 2020 476 2086 uides?
499 2043 602 2106 neque
629 2022 714 2086 enim
737 2022 864 2086 leuiora
883 2020 1055 2086 domantur

65 2110 196 2175 Delicta
212 2145 251 2157 -
268 2110 394 2174 illatrat
416 2110 533 2175 ieiunis
556 2109 704 2175 faucibus
728 2109 876 2193 Orthrus,
1023 2123 1076 2174 848

65 2199 216 2263 Armenti
238 2199 403 2284 quondam
426 2203 537 2264 custos
563 2199 714 2264 immanis
737 2198 863 2281 Hiberi,

64 2285 112 2351 Et
134 2309 246 2352 morsu
269 2289 352 2371 petit
375 2290 408 2351 et
429 2287 556 2370 polluto
580 2288 739 2352 euiscerat
761 2307 878 2371 ungue.

66 2375 136 2441 Nec
158 2398 219 2459 par
240 2397 345 2459 poena
367 2379 478 2440 tamen
501 2377 628 2461 sceleri3
651 2375 793 2441 sacraria
816 2375 937 2440 Uestae

66 2463 201 2547 Polluit,
224 2467 321 2528 exuta
345 2465 408 2528 sibi
430 2464 629 2548 uirginitate,
652 2464 809 2529 sacerdos.

68 2550 132 2617 Sed
155 2552 235 2617 satis
258 2552 338 2617 haec
361 2552 491 2636 uidisse,
509 2552 610 2617 setis?

615 2640 692 2705 Mox
712 2641 836 2705 deinde:
855 2639 1006 2705 'Uiuenti
1019 2656 1075 2704 850

67 2726 163 2793 Nunc
188 2728 311 2792 animas
334 2728 405 2812 tibi,
428 2751 511 2812 quae
533 2733 650 2814 potant
674 2729 804 2811 obliuia,
826 2751 946 2811 paucas

67 2815 108 2880 In
129 2816 192 2880 fine
215 2839 422 2881 enumerasse
444 2840 535 2902 paro,
558 2824 591 2883 et
613 2840 757 2883 remeare
781 2817 932 2880 tenebris.

50 3058 65 3089 ο
144 3047 196 3115 888
214 3043 322 3112 spreuit
339 3044 424 3098 Bloac
440 3075 475 3085 -
493 3045 581 3115 bella]
601 3046 659 3099 tela
678 3046 812 3099 Schrader
853 3048 903 3096 829
923 3057 1020 3110 parem
1035 3048 1076 3093 0v

70 3113 230 3182 -optabit
248 3114 365 3186 Bentley
382 3120 407 3169 et
424 3114 459 3167 L.
476 3117 581 3171 Metller
595 3118 622 3170 d.
636 3133 659 3170 r.
674 3133 707 3170 m.
718 3132 748 3183 p.
763 3119 817 3168 174
873 3119 924 3166 830
944 3112 1043 3166 8108118
1057 3120 1076 3164 L

70 3187 143 3240 decet
160 3186 231 3238 inl*
254 3185 347 3239 clodia
366 3189 384 3236 0
408 3185 542 3238 (10811811
614 3193 665 3239 833
685 3185 809 3239 curribus
828 3190 868 3236 FO
891 3183 1015 3236 turribus
1034 3189 1077 3234 LV

71 3261 125 3311 888
143 3256 250 3324 Ingerit
258 3255 347 3311 Bothe
356 3286 389 3296 -
400 3257 460 3327 ora]
481 3272 562 3310 auras
577 3259 620 3311 881
634 3259 709 3310 ostra
719 3257 854 3310 Schrader
894 3260 944 3307 841
956 3272 1046 3307 arcem
1058 3260 1075 3306 0

68 3329 159 3381 artem
177 3331 243 3378 IAEV
316 3330 367 3380 8411
388 3324 505 3381 Orthrus
525 3333 561 3380 ch
580 3327 714 3381 orthusF
770 3332 819 3380 841
840 3325 978 3394 pollutam
998 3327 1076 3390 Lefe-

70 3399 139 3452 bore
165 3398 322 3466 polluctam
340 3398 428 3452 Bothe
500 3403 552 3452 848
570 3398 679 3469 sceleri]
700 3397 823 3452 sideriF
910 3403 960 3450 850
979 3398 1076 3448 818188ί

66 3469 126 3522 tem
153 3473 218 3520 Lov
248 3466 393 3522 iubentem
420 3474 441 3519 r
465 3499 500 3509 -
523 3470 563 3523 818
589 3471 719 3525 8118118811
747 3470 857 3535 Withof
884 3486 954 3520 mou
978 3467 1086 3517 881888

65 3537 176 3594 uidenti
194 3540 278 3610 culpo
349 3543 400 3593 852
420 3555 601 3597 enumerasse
615 3546 656 3595 oh
