2438 3924
372 161 588 220 PUNICORUM
606 163 715 220 LlBElt
732 165 806 221 XIlI.
1053 167 1101 232 ‘15¹

83 327 167 392 Tum
189 325 252 391 tibi
275 325 425 391 defuncto
448 327 609 391 tumulum
633 324 783 392 Sidonius
805 327 911 393 hostis

84 414 266 482 Constituit
287 415 479 499 laudemque
501 420 558 481 tuo
582 417 745 500 quaesiuit
767 416 910 482 honore?
1042 434 1094 484 710

82 503 233 588 Dumque
257 503 348 568 audit
371 504 545 568 lacrimans
568 504 705 569 hostilia
727 503 841 570 funera
858 504 990 586 Paulus,

82 595 170 658 Ante
193 594 304 658 oculos
327 593 393 656 iam
414 589 605 673 Flaminius,
627 593 694 657 iam
717 591 884 659 Gracchus
909 600 941 658 et
964 615 1062 680 aegro

82 681 284 764 Absumptus
308 679 428 746 Cannis
452 681 562 746 stabat
585 678 741 746 Seruilius
765 703 828 747 ore.

82 770 256 854 Appellare
280 769 368 834 uiros
392 772 463 833 erat
486 769 583 835 ardor
606 774 639 834 et
662 769 779 834 addere
801 771 911 855 uerba,

82 855 145 922 Sed
168 858 323 941 raptabat
346 878 437 922 amor
459 859 583 942 priscos
607 879 801 944 cognoscere
824 862 940 925 menis.
1040 878 1093 927 770

125 945 221 1011 Nunc
242 947 394 1010 meritum
418 967 516 1011 saeua
539 945 678 1011 Brutum
702 948 888 1013 immortale
912 949 1017 1014 securi

80 1035 224 1117 Nomen,'
240 1056 326 1099 nunc
350 1056 484 1119 superos
509 1039 702 1118 aequantem
723 1035 820 1100 laude
844 1033 1029 1122 Camillum,

80 1122 176 1188 Nunc
200 1145 278 1188 auro
303 1122 436 1189 Curium
458 1144 526 1188 non
549 1145 703 1207 umquam
726 1125 830 1190 cernit
852 1127 1002 1190 amioum.

32 1272 33 1276 ,
81 1211 148 1276 Ora
172 1210 299 1295 Sibylla
321 1211 416 1277 docet
439 1212 625 1276 uenientum
649 1216 682 1276 et
704 1213 837 1277 nomina
858 1214 982 1296 pandit.

80 1299 144 1365 Hic
166 1300 297 1365 fraudes
319 1300 409 1385 pacis
432 1299 656 1384 Pyrrhumque
680 1322 699 1364 a
722 1300 834 1365 limine
857 1307 972 1385 portae
1037 1320 1090 1371 770

80 1388 214 1471 Reiecit,
237 1389 327 1453 uisus
351 1389 459 1453 orbus
495 1389 572 1454 tulit
594 1388 651 1453 illc
674 1396 820 1454 ruentem

79 1477 255 1561 Thybridis
277 1476 312 1541 in
333 1477 422 1562 ripas
445 1498 554 1561 regem
579 1478 732 1560 solusque
756 1478 886 1542 reuulso

79 1564 168 1629 Pone
191 1564 283 1631 ferox
305 1571 404 1648 ponte
427 1565 563 1645 exclusit
585 1565 756 1630 redeuntia
779 1587 889 1651 regna.

80 1652 133 1719 ‘Si
155 1654 218 1717 tibi
241 1652 332 1718 dulce
355 1653 471 1737 uirum,
494 1653 599 1737 primo
624 1655 679 1737 qui
702 1652 833 1718 foedera
856 1654 943 1721 bello

79 1741 280 1808 Phoenicum
303 1741 438 1826 pepigit,
460 1741 595 1807 uidisse:
617 1743 671 1806 hic
693 1742 825 1806 inclitus
845 1743 903 1806 ille
1039 1762 1091 1811 700

81 1831 263 1914 Aequoreis
285 1830 392 1894 uictor
414 1852 487 1895 eum
510 1829 612 1894 classo
635 1829 788 1894 Lutatius
813 1831 921 1896 armis.

80 1917 115 1983 Si
135 1919 280 1984 studium
299 1921 332 1982 07
351 1939 482 1982 saeuam
501 1939 695 2003 cognoscere
710 1918 907 1984 Hamilcaris
926 1921 1090 1987 umbram:

77 2007 139 2071 Ille
154 2011 204 2072 est
218 2043 261 2053 -
275 2027 369 2071 cerne
387 2007 502 2090 procul
519 2043 557 2052 —
574 2007 625 2071 cui
643 2008 734 2071 frons
753 2029 811 2072 nec
831 2013 935 2073 morte
954 2010 1090 2076 remissa

77 2095 208 2161 Irarum
232 2098 342 2160 seruat
365 2095 496 2159 rabiem.
533 2095 561 2159 si
585 2095 719 2181 iungere
743 2095 833 2160 cordi
856 2099 907 2160 cst

78 2181 301 2268 Colloquium:
325 2183 404 2265 sine,
427 2188 558 2266 gustato
582 2184 637 2247 det
661 2185 818 2269 sanguine
841 2183 976 2250 uocem?
1036 2204 1087 2252 705

76 2273 186 2357 Atque
208 2272 266 2337 ubi
289 2272 492 2357 permissum,
511 2276 543 2336 et
566 2272 681 2336 sitiens
705 2294 739 2336 se
762 2273 914 2357 impleuit
938 2276 1057 2361 imago,

78 2359 133 2426 Sic
154 2361 246 2446 prior
268 2360 442 2445 increpitat
464 2382 527 2425 non
553 2360 625 2424 miti
649 2359 757 2444 Scipio
780 2363 886 2426 uultu:

77 2449 237 2534 ‘Taliana
260 2471 279 2513 o
302 2448 452 2514 fraudum
477 2449 615 2534 genitor,
640 2453 715 2513 sunt
737 2448 869 2514 foedera
891 2451 1008 2515 uobis?

75 2537 146 2604 Aut
165 2538 245 2603 haec
269 2534 397 2602 Sicania
419 2537 574 2622 pepigisti
598 2542 710 2621 captus
736 2539 772 2601 in
795 2539 875 2602 ora?

78 2624 172 2691 Bella
195 2630 272 2690 tuus
295 2631 366 2690 toto
389 2629 486 2690 natus
510 2631 624 2692 contra
648 2626 757 2690 omnia
779 2631 875 2710 pacta
1037 2646 1089 2694 740

75 2715 216 2781 Exercet
238 2714 332 2778 Latio
357 2717 399 2798 07,
422 2715 584 2799 perruptis
608 2715 758 2794 molibus,
780 2717 874 2798 Alpis

75 2803 251 2869 Eluctatus
275 2803 377 2885 adest,
398 2801 504 2867 feruet
527 2824 606 2887 gens
630 2803 716 2868 Itala
737 2802 842 2867 Marte

149 2967 200 3016 ‘122
208 2974 323 3030 superos
333 2960 501 3026 aequantem
513 2963 556 3011 ov
575 2977 595 3013 0.
607 2961 779 3028 acquantum
788 2966 829 3011 Π
849 2959 956 3028 superis
967 2977 1089 3027 aequau-

76 3034 135 3088 tem
148 3033 232 3102 uulgo
252 3028 360 3099 superis
379 3033 531 3098 aequatum
548 3032 664 3085 Morsus
682 3033 790 3098 superis
806 3031 983 3097 aequandum
999 3034 1087 3088 Heiu-

74 3105 135 3159 sr'us
207 3107 259 3157 ⁷25
278 3101 439 3170 pirrumque
455 3107 498 3153 0V
516 3101 710 3170 pyryliumque
725 3107 765 3152 1AE
786 3104 829 3167 (iu
847 3109 867 3152 F
887 3119 955 3156 corr.
976 3106 1007 3156 ia
1025 3125 1087 3173 pre-

75 3174 202 3242 liumque
222 3173 254 3228 T.
265 3189 295 3241 p.
310 3176 379 3240 234)
398 3203 431 3212 —
450 3174 574 3241 portats
626 3178 676 3226 726
697 3171 807 3225 Reiecit
823 3173 932 3239 Withof
947 3174 1085 3228 Deiecits

78 3251 130 3302 730
148 3244 276 3315 inclitus]
295 3241 403 3298 medius
423 3249 441 3295 0
516 3249 565 3297 731
588 3242 690 3311 uictor]
710 3244 804 3296 uultor
819 3248 841 3293 V
861 3275 894 3283 -
914 3245 1048 3300 luctatius
1068 3254 1086 3299 0

77 3323 128 3371 730
149 3316 189 3387 07]
210 3318 254 3370 007
271 3315 419 3370 Liuineius
465 3319 516 3368 733
535 3315 637 3383 morte]
657 3316 785 3366 meetao
809 3317 898 3367 mesta
917 3321 939 3366 V
987 3324 1037 3371 730
1058 3337 1086 3372 00

76 3387 243 3457 impleuitr
263 3385 423 3454 semipleuit
435 3390 499 3436 Lov
547 3391 596 3438 737
617 3382 694 3436 mitis
714 3389 730 3434 S
784 3391 834 3437 739
854 3386 937 3439 Haud
952 3389 1087 3444 Heinsius

75 3460 187 3515 sublata
196 3455 421 3525 iuterroyatiouis
434 3461 501 3508 uoto
538 3461 589 3508 740
599 3454 671 3522 toto]
687 3457 782 3508 nostro
793 3456 877 3510 Blass
916 3460 1087 3514 7001710070-

76 3532 124 3584 tue
143 3534 170 3595 3,
186 3528 233 3583 aed
250 3528 281 3581 iu
298 3531 320 3577 r
338 3531 406 3580 corr.
426 3525 459 3579 in
477 3524 623 3579 Eluctatus
