2438 3924
402 165 619 221 PUNIGORUM
637 166 747 220 LIBER
765 165 824 224 XV.
1053 167 1117 233 113

101 327 234 393 Perlabi
256 332 428 392 resonante
451 329 537 411 polo.
574 329 625 393 bis
648 332 761 413 terque
785 350 955 395 coruscum

101 415 237 480 Addidit
260 416 395 502 augurio
418 416 544 481 fulmen
566 421 670 499 pater,
693 420 727 481 ct
749 437 836 503 uaga
859 419 925 483 late

101 505 165 569 Per
188 504 333 571 subitum
355 508 444 570 moto
468 509 633 588 strepuere
656 506 803 570 tonitrua
825 505 955 571 munde.
1060 521 1111 570 145

101 593 185 658 Tum
208 615 285 658 uero
309 614 422 677 capere
446 615 536 658 arma
557 593 672 658 iubent
695 594 897 678 genibusque
923 594 1069 659 salutant

101 679 275 746 Summissi
298 682 479 766 augurium,
502 685 598 766 atque
620 683 693 766 iret,
716 704 781 766 qua
804 682 918 747 ducere
942 681 1035 747 diuos

100 770 321 855 Perspicuum,
344 774 377 834 et
399 771 507 853 patrio
531 775 729 835 monstraret
752 771 869 835 semita
892 771 997 854 signo.

145 857 304 925 Certatim
328 858 462 923 comites
485 880 594 923 rerum
618 858 760 943 bellique
782 858 951 923 ministros

100 945 341 1032 Agglomerant
362 968 433 1012 sese
457 950 554 1031 atquc
578 948 662 1013 acris
686 947 808 1012 sociare
833 947 963 1012 labores
1065 963 1116 1014 150

100 1034 304 1120 Exposcunt3
327 1035 524 1119 laudumque
546 1036 619 1101 loco
643 1039 694 1100 est
711 1035 815 1100 isdem
834 1057 905 1100 esse
925 1037 985 1100 sub
1004 1037 1114 1102 armis.

101 1123 186 1187 Turn
208 1145 296 1188 noua
318 1124 500 1189 caeruleum
523 1124 690 1189 descendit
712 1123 827 1189 classis
851 1125 887 1188 in
909 1146 1040 1209 aequor.

101 1211 134 1275 lt
157 1233 264 1277 comes
287 1211 436 1278 Ausonia
459 1217 557 1296 atque
581 1213 743 1277 interrae
766 1213 886 1277 transit
908 1211 1061 1279 Hiberas.

100 1297 156 1384 Ut,
179 1323 252 1365 curn
276 1322 373 1366 saeua
394 1301 489 1365 fretis
512 1300 650 1365 immisit
672 1300 807 1385 proelia,
831 1298 934 1366 Corus

99 1386 252 1454 Isthmon
275 1394 411 1454 curuata
433 1389 572 1454 sublime
596 1390 771 1473 superiacit
794 1388 879 1455 unda
1064 1406 1115 1455 155

100 1476 154 1555 Et,
177 1481 349 1560 spumante
372 1499 469 1542 ruens
492 1499 551 1561 per
574 1499 652 1542 saxa
674 1478 840 1562 gementia
863 1477 974 1560 fluctu,

55 1574 59 1579 '
101 1564 229 1630 Ionium
251 1566 385 1652 Aegaeo
408 1568 524 1631 miscet
547 1587 646 1629 mare.
682 1566 786 1631 celsus
809 1565 845 1628 in
867 1587 958 1630 orma

100 1653 229 1720 Emicat
253 1677 290 1720 ac
312 1654 418 1739 prima
442 1659 533 1719 stans
558 1652 667 1737 Scipio
690 1674 798 1737 puppe
820 1652 982 1735 profatur:

101 1740 200 1806 ‘Diuo
223 1743 487 1826 tridentipotens‚
510 1744 601 1807 cuius
624 1743 728 1806 maria
749 1741 797 1804 ire
819 1761 878 1823 per
901 1741 969 1805 alta

101 1828 264 1915 Ordimur‚
289 1831 318 1895 si
341 1832 428 1895 iusta
450 1851 539 1914 paro,
562 1830 730 1895 decurrere
750 1828 849 1894 classi
1066 1846 1117 1896 150

99 1918 161 2003 Da,
184 1923 287 2004 pater,
310 1941 347 1984 ac
370 1923 501 1985 nostros
524 1939 564 1982 ne
589 1939 705 2003 sperne
728 1918 840 1983 iuuare
863 1917 1004 1982 labores.

100 2005 163 2070 Per
187 2011 325 2091 pontum
347 2007 403 2091 pia
425 2007 513 2071 bella
536 2005 641 2071 ueh0.'
677 2006 772 2070 Leuis
796 2006 870 2070 inde
894 2006 1037 2071 secunda

101 2095 263 2179 Aspirans
287 2118 367 2160 aura
389 2095 543 2180 propellit
566 2095 702 2160 carbasa
724 2094 835 2179 flatus3

100 2182 235 2268 Iamque
260 2185 373 2270 agiles,
396 2183 566 2270 Tyrrhena
589 2187 709 2249 sonant
732 2204 795 2268 qua
818 2182 959 2266 caerula,
986 2204 1114 2268 puppes

101 2271 283 2337 Ausonium
307 2295 438 2338 euasere
461 2274 548 2337 latus
570 2271 791 2356 Ligurumque
814 2271 921 2336 citatis
1063 2288 1114 2337 155

101 2359 212 2425 Litora
234 2362 422 2427 tramittunt
444 2361 560 2444 proris.
594 2360 671 2426 hinc
695 2360 826 2446 gurgite
850 2360 891 2424 ab
916 2360 984 2424 alto

101 2447 263 2513 Tellurem
286 2450 400 2533 procul
423 2450 659 2533 irrumpentem
681 2451 716 2512 in
740 2449 847 2513 sidera
870 2453 1016 2529 cernunt,

102 2536 217 2602 Aerias
241 2537 346 2620 Alpis.
383 2547 554 2602 occurrunt
578 2537 706 2602 moenia
729 2537 835 2601 Graiis

100 2622 242 2690 Condita
264 2624 438 2691 Massiliae.
474 2627 604 2710 populis
626 2626 706 2690 haec
730 2625 835 2689 cincta
860 2626 1017 2707 superbie,

173 2892 224 2940 145
243 2887 297 2942 Per
320 2888 421 2942 sudum
440 2888 577 2943 Schrader
597 2889 644 2955 (cf.
661 2887 737 2942 XII.
754 2891 819 2946 654)
841 2917 873 2924 -
894 2903 1025 2954 crepuere
1046 2887 1115 2938 idern

103 2959 278 3030 1191555111]
298 2975 414 3028 operum
433 2958 567 3014 Heinsius
668 2963 718 3011 150
737 2957 942 3025 Agglomerant
960 2961 982 3005 V
1011 2957 1115 3024 Agglo-

101 3030 193 3084 mcrat
209 3034 272 3082 5110
291 3061 324 3070 -
345 3029 428 3101 acris]
447 3029 554 3084 alacres
573 3029 710 3084 Schrader
783 3032 833 3078 151
854 3028 927 3097 esse]
949 3026 1003 3079 isse
1022 3028 1115 3080 Dour-

101 3102 198 3170 50555
283 3105 333 3155 155
353 3100 506 3168 superiacit
522 3117 574 3156 scr.
589 3097 727 3167 suberigit
740 3103 804 3148 Lov
824 3097 966 3165 subegerit
981 3104 1000 3147 F
1021 3115 1114 3165 55555-

102 3169 178 3240 rigat
187 3171 322 3226 1155555115
331 3201 366 3212 -
376 3170 481 3225 Isthmo
494 3171 670 3226 incarnatam
685 3189 705 3223 s.
716 3167 855 3235 suberigit
870 3168 971 3221 undam
983 3169 1114 3233 Lefebrere

105 3271 137 3281 -
152 3239 246 3307 Corus,
265 3242 393 3296 Isthmon
412 3247 529 3296 curuata
546 3242 576 3294 in
594 3239 714 3293 sublime
730 3238 895 3306 superstetit
909 3241 983 3291 unda
998 3241 1113 3308 Bentley

102 3311 141 3366 Ut
168 3342 202 3352 -
231 3313 318 3368 Corus
354 3312 461 3366 Isthmo
498 3315 628 3367 curuatas
665 3329 687 3364 5.
725 3308 863 3378 suberigit
899 3309 987 3363 undas
1025 3313 1113 3363 Bothe

104 3386 154 3436 151
174 3399 279 3453 aegaeo
293 3388 336 3436 ov
355 3389 458 3452 egeo!
477 3400 544 3453 egro
558 3388 578 3434 1.
633 3386 684 3434 159
702 3379 920 3449 tridentipotens
936 3381 1112 3434 5511115115

104 3457 155 3507 103
175 3454 291 3508 carbasa
310 3459 352 3507 ov
381 3452 509 3508 carbasis
527 3458 569 3505 Lr
678 3455 729 3507 168
805 3448 824 3464 ''
920 3453 937 3507 l.
952 3454 969 3505 l.
998 3452 1056 3518 gs
1098 3457 1113 3499 s

105 3529 155 3578 169
175 3523 288 3579 masnile
307 3529 350 3577 ov
370 3555 402 3564 —
421 3524 492 3579 haec
510 3529 555 3576 cm
572 3524 591 3578 l.
606 3522 622 3579 l.
646 3449 1059 3706 1115591Α

156 3622 237 3664 smus
251 3623 374 3664 Irsnrous.
389 3624 420 3664 Π.
