2438 3924
389 169 605 226 PUNICOBUM
623 170 733 226 LIBER
750 171 822 229 xlv.
1072 172 1115 237 85

107 330 258 416 Caligare
283 333 351 398 alto
375 333 409 396 in
432 332 517 397 solio
540 354 599 398 nec
622 333 767 418 pondera
789 335 884 418 regni

105 422 205 486 Posse
228 421 298 505 pati
272 425 354 486 tet
376 421 514 487 nimium
537 421 631 486 fluxis
656 422 815 486 confidere
838 423 944 487 rebus.
1082 439 1117 489 90

105 509 238 594 Iamque
261 510 353 574 breui
376 510 511 593 nullum,
536 510 690 575 delictat
618 510 843 575 ttuentibus
867 510 976 594 armis,

104 597 169 662 Fas
192 599 339 671 notum
330 603 424 683 1gnot
425 620 545 682 umque
567 598 676 682 nefas3
701 599 862 664 uilissima
884 599 954 684 regi

106 686 192 752 Cura
214 687 328 773 pudor.
365 692 435 752 tam
457 687 630 771 praecipiti
652 648 800 752 niaterna
823 688 925 753 furori

104 776 250 862 Pyrrhus
275 775 367 860 origo
392 775 491 840 dabat
515 776 665 840 stimulos
688 776 866 860 proauique
890 777 1065 859 superbum

107 865 267 931 Aeacidae
291 885 391 948 genus
416 867 514 948 atque
538 868 688 929 aeternus
714 865 856 929 carmine
878 862 1037 933 Achilles.
1082 881 1116 931 95

104 954 195 1038 Ergo
220 953 316 1017 ardor
339 951 466 1017 subitus
489 951 673 1017 Poenorum
695 953 826 1039 incepta
848 953 991 1037 fouendi;

105 1041 175 1108 Nec
198 1042 313 1107 sceleri
336 1062 440 1105 mora:
464 1040 530 1105 iam
552 1041 662 1127 iungit
683 1064 769 1106 noua
791 1041 930 1124 foedera,
953 1047 1059 1127 pacto,

106 1129 244 1196 Cederet
267 1133 304 1194 ut
328 1127 443 1194 Siculis
466 1130 572 1195 uictor
596 1129 749 1195 Sidonius.
770 1131 845 1195 oris.

107 1218 170 1284 Sed
194 1218 326 1284 stabant
347 1217 485 1301 Poenae,
507 1218 733 1302 tumulumque
755 1218 899 1302 negabat
917 1218 1072 1304 Erinnys,

105 1306 177 1383 Qua
200 1307 295 1372 modo
319 1310 434 1390 pactus
458 1311 529 1370 erat
552 1308 677 1371 socium
696 1328 762 1371 non
780 1329 920 1392 cernere,
941 1313 1037 1375 terra.
1062 1324 1114 1375 100

106 1396 228 1462 Saeuos
251 1415 390 1479 namque
413 1395 483 1479 pati
506 1395 612 1459 fastus
635 1395 849 1479 iuuenemque
872 1401 1004 1461 cruento

105 1484 317 1569 Flagrantem
341 1484 418 1547 luxu
442 1486 475 1547 et
497 1483 688 1548 miscentem
711 1483 820 1565 turpia
843 1483 923 1548 diris

104 1573 201 1637 Haud
224 1573 311 1637 ultra
333 1570 456 1656 faciles,
479 1594 560 1655 quos
583 1571 634 1636 ira
656 1575 825 1654 metusque
850 1573 1018 1656 coquebat,

104 1661 209 1726 Iurati
232 1663 442 1743 obtruncant;
466 1681 525 1724 nec
548 1661 614 1723 iam
637 1658 751 1723 modus
771 1659 915 1724 ensibus:
939 1660 1062 1724 addunt

105 1749 293 1814 Femineam
317 1747 447 1821 caedem
470 1751 568 1829 atque
587 1747 753 1810 insontum
772 1751 868 1830 rapta
886 1768 1036 1813 sororum
1064 1764 1114 1813 105

106 1838 252 1921 Corpora
274 1840 484 1921 prosternunt
506 1835 601 1898 ferro.
638 1855 725 1899 nona
748 1835 854 1899 saeuit
876 1835 911 1899 in
934 1836 1034 1901 armis

104 1925 257 1990 Libertas
280 1923 443 2004 iactatque
466 1922 586 2006 iugum.
623 1943 700 2005 pars
723 1922 844 1988 Punica
869 1928 986 2006 castra,

103 2015 185 2079 Pars
204 2012 306 2077 Italos
330 2013 363 2074 et
385 2014 466 2074 nota
489 2009 616 2093 uolunt;
639 2031 698 2075 nec
718 2013 818 2076 'turba
841 2011 1006 2077 furentum

105 2102 202 2184 Deflt,
226 2121 307 2183 quae
330 2101 445 2162 neutro
470 2097 587 2163 sociari
610 2097 738 2163 foedere
762 2100 864 2164 malit.

149 2190 220 2254 Tali
245 2187 431 2252 Trinacriae
454 2190 545 2251 motu
568 2187 730 2271 rebusque
755 2187 881 2253 Sicanis
1062 2205 1113 2254 110

103 2279 214 2345 Exitio
238 2278 324 2360 regis
348 2275 492 2359 trepidis,
517 2276 665 2340 sublimis
689 2278 811 2342 honore
825 2314 869 2324 —

104 2367 214 2433 Tertia
237 2387 314 2429 nam
334 2362 449 2428 Latios
473 2369 648 2428 renouarat
670 2388 813 2449 purpura
836 2365 940 2432 fasces
957 2402 994 2413 —-

103 2455 277 2521 Marcellus
301 2452 436 2517 classem
460 2451 626 2517 Zanclaeis
650 2455 775 2536 appulit
799 2455 873 2519 oris.

103 2546 214 2628 Atque
238 2542 294 2605 ubi
318 2546 433 2605 cuneta
455 2543 527 2605 uiro
551 2541 727 2625 caedesque
752 2549 887 2626 exposta
910 2545 1042 2627 tyranni

90 2632 351 2715 -Ambiguaeque
373 2630 542 2694 hominum
566 2634 700 2713 mentes,
719 2628 928 2716 Carthaginis
949 2655 1038 2697 arma
1063 2649 1112 2696 115

104 2722 192 2798 Quos
219 2722 353 2783 teneant
380 2722 413 2782 et
440 2720 564 2802 quanta·
589 2718 692 2802 locos,
720 2720 804 2802 quod
829 2722 947 2803 uulgus
973 2722 1113 2786 amicum

102 2810 207 2876 Durat
229 2806 433 2890 Troiugenis,
457 2809 596 2890 quantos
620 2806 783 2872 Arethusa
806 2812 950 2872 tumores

103 2896 276 2977 Concipiet
297 2898 484 2979 perstetque
509 2917 584 2958 suas
608 2918 673 2959 non
696 2896 839 2979 pandere
863 2902 988 2979 portas:

100 3032 315 3044 ——-——-—--—·

175 3113 208 3162 89
227 3104 353 3228 pondera
370 3109 414 3156 ΙΝ
436 3105 559 3173 pondere
578 3110 619 3156 FO
693 3111 725 3157 90
745 3104 857 3158 flexiss
932 3110 963 3157 93
983 3104 1112 3158 furores

102 3187 136 3236 97
156 3179 214 3233 iam
232 3173 325 3244 iungit
342 3191 393 3230 scr
410 3176 457 3242 (cf.
471 3175 525 3229 IV.
542 3179 603 3242 101,
623 3175 654 3227 V
671 3179 733 3240 130,
752 3175 799 3228 VI.
816 3174 908 3241 350)
901 3193 968 3242 rung
971 3175 993 3227 it
1008 3182 1023 3225 s
1050 3194 1112 3229 con-

101 3249 195 3335 iungit
212 3249 256 3302 uel
274 3245 427 3314 iunguntur
445 3247 489 3299 uel
507 3244 642 3326 iungebat
661 3246 717 3299 Ηιι
718 3248 795 3299 usius
823 3246 916 3314 iungit
934 3245 1008 3299 enirn
1027 3247 1108 3300 Liua'-

100 3325 181 3377 acius
198 3335 266 3372 nam
284 3316 378 3384 iungit
390 3316 524 3382 LefeBure
547 3315 614 3385 quin
632 3315 725 3385 iungit
744 3317 835 3370 Barth
858 3333 936 3371 mora
955 3319 997 3368 fit·
992 3317 1109 3385 3iungit

101 3395 252 3448 Bormam
341 3392 376 3440 99
394 3388 506 3441 Poenae
522 3403 575 3455 pro
593 3402 701 3455 poenae
720 3388 838 3457 Ruperti
919 3394 967 3440 102
989 3360 1056 3442 diris
1076 3396 1111 3439 cu

100 3463 216 3520 ducias
325 3462 377 3513 105
402 3473 435 3512 ac
463 3459 624 3512 consortum
647 3459 733 3513 Bothe
842 3465 892 3512 113
921 3459 1040 3512 zaueleis
1070 3465 1112 3509 ov

99 3532 233 3592 zandaeis
252 3536 295 3583 LE
