2438 3924
388 167 822 228 Puurccuuunfflnsxvr.
1047 140 1113 238 163

104 329 222 397 Cetera
244 332 388 396 contenti
412 331 577 397 discedent
599 333 696 397 turba
720 332 844 398 duobus

103 419 245 504 Quisque
267 419 358 485 ferox
380 421 503 498 iaculis,
526 443 607 504 quae
631 420 688 485 dat
711 420 834 507 gentile
859 422 1053 488 metallum?

147 507 323 593 Fulgentes
346 509 438 593 pueri
461 508 632 574 Tartessos
657 513 689 572 et
711 508 877 592 Hesperos
901 532 959 576 ora
1058 529 1111 578 466

104 595 280 661 Ostendere
304 596 399 662 simul
422 598 515 682 uulgi
537 598 684 662 clamore·
702 597 851 662 secundo.

102 684 171 749 Hos
195 684 293 768 Tyria
315 685 432 750 misere
455 684 550 751 domo
573 685 681 770 patria
703 685 817 750 inclita
837 684 952 751 Gades.

103 771 182 838 Mox
206 772 302 855 subit,
325 794 475 858 aspersus
498 773 606 857 prima
628 773 783 858 lanugine
807 775 921 857 malas,

101 859 270 945 Baeticus,
292 861 354 926 hoc
377 861 509 927 dederat
530 883 630 946 puero
654 882 833 946 cognomen
857 863 898 928 ab
922 885 1016 928 amne

104 947 256 1015 Corduba
278 953 312 1013 et
334 949 420 1014 haud
443 971 544 1033 paruo
567 949 744 1017 certamina
766 951 854 1016 loeta
876 950 1018 1018 fouebat.
1059 970 1114 1020 476

101 1036 190 1119 Inde,
215 1058 339 1102 comam
363 1038 490 1122 rutilus,
514 1038 570 1103 sed
593 1060 666 1103 cum
689 1039 817 1124 fulgore
839 1039 959 1104 niuali*-

104 1124 266 1209 Oorporis,
289 1125 440 1210 impleuit
463 1148 595 1192 caueam
618 1127 814 1213 clamoribus
838 1149 966 1193 omnem

102 1213 263 1300 Eurytus3
286 1215 413 1280 excelso
435 1216 594 1279 nutritum
617 1214 698 1279 colle
720 1219 847 1280 crearat

103 1300 261 1385 Saetabis,
284 1306 382 1386 atque
405 1303 541 1368 aderant
562 1302 681 1386 trepidi
703 1303 825 1387 pietate
848 1310 1009 1386 parentes.

101 1389 185 1453 Tum
208 1389 328 1455 Lamus
352 1394 384 1455 et
409 1388 539 1474 Sicoris,
561 1391 668 1475 proles
689 1390 824 1456 bellacis
847 1391 982 1478 ilerdae,
1058 1412 1112 1461 476

101 1476 147 1541 Et
170 1478 310 1563 Theron,
332 1482 465 1563 potator
488 1500 600 1562 aquae,
623 1478 682 1543 sub
704 1479 835 1544 nomine
857 1478 978 1547 Lethes

102 1566 191 1642 Quae
213 1566 294 1650 fluit,
316 1567 499 1632 immemori
521 1566 745 1651 perstringens
768 1567 897 1652 gurgite
919 1570 1016 1654 ripas.

146 1653 209 1730 Qui
230 1658 415 1740 postquam,
436 1656 555 1720 arrecti
578 1655 700 1737 plantis
724 1658 757 1718 et
779 1659 912 1739 pectora
934 1660 1030 1742 proni

101 1741 336 1828 Pulsantesque
360 1748 452 1808 aestu
474 1743 606 1808 laudum
630 1742 810 1807 exultantia
832 1743 940 1828 corda,

100 1830 264 1915 Accepere
287 1832 367 1896 tuba
391 1831 542 1915 spatium,
565 1831 705 1895 exiluere
727 1852 786 1914 per
809 1852 905 1896 auras
1058 1850 1111 1900 480

102 1916 199 1996 Ocius
223 1918 335 1984 effusis
360 1940 460 1983 neruo
485 1919 679 1984 exturbante
702 1918 843 2003 sagittis.

100 2005 240 2071 Diuersa
263 2011 296 2071 et
319 2007 426 2072 studia
450 2010 482 2071 et
505 2007 638 2085 clamor,
660 2005 865 2092 pendentque
887 2006 1035 2077 fauentes

100 2092 274 2179 Unguibus
298 2098 396 2179 atque
419 2117 504 2180 suos,
525 2102 564 2160 ut
586 2095 701 2179 cuique
724 2099 775 2159 est
799 2096 914 2180 gratia,
936 2097 1046 2163 anheli

99 2181 241 2248 Nomine
265 2204 424 2268 quemque
448 2183 543 2249 cient
580 2204 659 2268 grex
682 2183 814 2249 inclitus
838 2205 976 2269 aequore
996 2186 1111 2274 fertur,

99 2268 265 2356 Nullaque
288 2273 443 2337 tramissa
465 2272 607 2358 uestigia
630 2272 743 2359 signat
764 2272 894 2338 harena
1058 2293 1112 2343 486

100 2358 220 2424 Omnes
243 2360 402 2445 primaeui
424 2361 643 2445 flauentiaque
667 2383 725 2426 ora
748 2359 863 2444 decori,

101 2444 219 2511 Omnes
243 2449 290 2514 ire
312 2449 401 2514 leues
425 2453 522 2533 atque
546 2471 659 2514 omnes
683 2451 810 2514 uincere
834 2448 934 2534 digni.

143 2533 283 2620 Extulit,
300 2537 489 2602 incumbens
513 2538 620 2603 medio
643 2539 710 2603 iam
732 2537 844 2621 limite,
868 2560 1014 2623 gressum

170 2749 222 2798 463
241 2743 389 2799 discedens
409 2750 446 2797 ch
533 2751 587 2801 466
610 2747 785 2800 6444444443
874 2750 926 2798 467
950 2744 1049 2798 inclita
1068 2751 1111 2799 ov
1195 2778 1208 2795 -.

98 2812 190 2868 indita
208 2819 249 2866 1AE
329 2820 382 2870 468
404 2817 478 2870 burco
500 2833 621 2884 uocum,
646 2818 694 2885 qui
712 2817 804 2870 deerat
826 2816 858 2868 irc
879 2816 1022 2869 4444447774
1040 2817 1109 2885 edd,

100 2887 182 2940 iresca
202 2890 246 2937 cm
263 2884 319 2953 Ep.
340 2889 377 2941 55
396 2916 429 2926 -
448 2886 511 2941 Nox
529 2892 594 2939 HV
621 2887 679 2940 Nos
700 2891 718 2938 0
738 2917 772 2925 -
792 2901 921 2954 aspersus
945 2892 961 2937 6
989 2889 1111 2953 Asperus

99 2956 174 3010 cml.
190 2955 208 3010 l.
271 2959 324 3010 469
342 2957 442 3027 puero]
462 2956 555 3026 patrio
574 2957 710 3012 Heinsius
776 2961 828 3009 470
848 2970 934 3023 paruo
954 2957 1112 3013 certamina

99 3032 143 3079 (tm
157 3027 174 3080 l.
190 3027 207 3080 l.
225 3027 308 3094 parto
328 3028 511 3082 certamines
537 3044 621 3098 parce
640 3027 794 3081 certamina
807 3026 922 3081 Medius
947 3042 1032 3095 parco
1052 3043 1111 3082 cer·

98 3097 205 3151 tamine
239 3098 338 3168 scalpo,
370 3098 443 3167 quod
469 3100 548 3168 prob.
578 3098 669 3152 Barth
697 3127 730 3137 -
759 3095 928 3166 certamina]
962 3097 1090 3151 conamin

99 3167 236 3223 Schrader
298 3173 349 3224 471
369 3167 523 3237 uulgores
587 3173 639 3222 473
658 3167 808 3220 Eurituss
867 3172 920 3220 474
940 3167 1070 3220 Saecabis

99 3268 136 3280 -
154 3239 239 3306 atquo
257 3243 348 3294 0440
445 3245 497 3294 476
516 3239 647 3292 lamuel?
674 3236 765 3291 lanius
784 3242 823 3289 Lo
852 3237 933 3290 lanus
954 3241 1017 3305 (nus
1036 3257 1069 3292 m.

98 3311 131 3363 io
149 3309 263 3376 lacuna)
283 3314 305 3361 7
402 3315 455 3365 480
478 3311 562 3364 tubae
587 3310 697 3379 signum
722 3308 766 3362 uel
789 3311 809 3364 t.
829 3308 951 3362 sonitum
975 3309 1094 3364 Schrade

100 3383 153 3434 483
167 3378 328 3462 Unguibus]
343 3380 466 3435 Uooibus
477 3380 612 3435 Heinsius
631 3379 750 3434 Auribus
761 3379 952 3434 4444447444-
965 3380 1059 3434 haneli

97 3454 155 3573 ΐ814
172 3449 298 3521 inclitus]
318 3450 422 3506 rncitus
437 3452 573 3506 Heinsius
609 3456 661 3505 486
679 3449 861 3517 florentisque
876 3451 963 3507 Bothe
1003 3458 1055 3506 488
1074 3451 1116 3505 Et

112 3520 200 3574 uits
431 3531 435 3539 ’
1126 3550 1129 3555 -
