2438 3924
364 176 584 233 PUNIOORUM
602 176 711 233 LIBER
729 177 803 234 XIV.
1045 181 1089 248 83

81 339 209 424 Pyrene
232 340 324 404 misit
346 341 495 425 populos,
518 340 573 425 qui
596 362 716 405 nomen
738 342 779 405 ab
803 363 897 405 amne
1056 362 1090 412 35

79 429 231 494 Ascitum
252 429 360 512 patrio
383 434 490 493 terrae
513 429 697 511 imposuere
719 430 858 494 uacanti.

78 517 157 581 Mox
178 515 337 602 Ligurum
361 517 462 601 pubes
487 516 597 583 Siculo
621 517 753 583 ductore
776 520 912 584 nouauit

79 605 243 670 Possessis
266 604 352 670 bello
375 609 504 670 mutata
526 605 687 671 uocabula
709 606 827 690 regnis.
906 669 909 675 .

78 692 148 759 Nec
170 692 248 759 Cres
272 694 421 759 dedecori
443 694 506 759 fuit
529 694 651 759 accola:
676 695 811 759 duxerat
835 703 924 760 actos

78 781 250 847 Moenibus
274 804 291 846 e
315 786 444 847 centum
467 804 533 847 non
555 782 664 847 fausta
687 783 727 847 ad
750 783 875 867 proelia
897 783 1014 871 Minos,
1054 804 1089 854 40

79 870 278 935 Daedaleam
301 875 449 956 repetens
472 892 620 955 poenam.
658 871 714 955 qui
736 871 848 936 fraude
872 873 1012 940 nefanda

78 959 259 1042 Postquam
282 962 456 1043 perpetuas
479 959 575 1024 iudex
598 961 758 1025 concessit
781 961 821 1025 ad
844 963 976 1028 umbras

79 1044 268 1112 Cocalidum
291 1047 427 1130 insidiis,
450 1049 537 1113 fesso
561 1047 684 1113 Minoia
707 1050 805 1115 turba

78 1133 229 1200 Bellandi
252 1136 359 1201 studio
383 1134 499 1201 Siculis
523 1136 669 1201 subsedit
691 1137 726 1200 in
749 1138 822 1202 oris.

78 1223 280 1300 Miscuerunt
302 1224 480 1309 Phrygiam
503 1226 628 1310 prolem
652 1225 811 1290 Troianus
835 1226 970 1293 Acestes
1052 1246 1089 1296 45

78 1312 302 1397 Troianusque
325 1312 491 1397 Helymus,
515 1313 648 1378 structis
672 1314 727 1398 qui
749 1315 836 1397 pube
860 1321 972 1381 secuta

78 1399 117 1464 In
139 1402 275 1486 longum
298 1423 336 1465 ex
359 1424 428 1466 sese
452 1403 614 1467 donarunt
636 1403 768 1466 nomina
791 1405 900 1468 muris.

78 1488 147 1554 Nec
170 1489 329 1555 Zanclaea
352 1493 470 1575 gerunt
493 1492 666 1555 obscuram
688 1491 817 1555 moenia
839 1490 970 1576 famam,

78 1576 220 1642 Dextera
244 1600 340 1661 quam
363 1579 481 1644 tribuit
504 1579 612 1663 posito
637 1575 792 1642 Saturnia
813 1579 891 1645 telo.

79 1664 140 1729 Sed
164 1666 260 1731 decus
285 1667 449 1732 Hennaeis
472 1666 559 1731 hand
581 1667 683 1729 ullum
706 1665 871 1749 pulchrius
896 1669 972 1750 oris,
1052 1686 1089 1736 50

78 1753 183 1828 Quam
206 1776 289 1839 quae
313 1752 464 1839 Sisyphio
489 1753 639 1818 fundauit
661 1775 779 1819 nomen
803 1756 844 1820 ab
869 1753 997 1821 Isthmo

76 1841 122 1907 Et
145 1843 289 1907 multum
313 1846 388 1906 ante
412 1843 494 1906 alias
516 1841 701 1926 Ephyraeis
725 1842 830 1927 fulget
854 1844 1003 1909 alumnis.

76 1929 141 1995 Hic
160 1929 326 1995 Arethusa
351 1952 444 1994 suum
467 1931 595 2014 piscoso
619 1930 707 1996 fonte
730 1936 875 2014 receptat

76 2018 238 2104 Alpheon,
261 2040 372 2084 sacrae
394 2021 581 2102 portantem
604 2019 699 2103 signa
722 2041 866 2085 coronae.

123 2109 167 2172 At
189 2129 256 2172 non
280 2128 402 2190 aequus
426 2111 514 2171 amat
536 2107 701 2171 Trinacria
719 2106 879 2173 Mulciber
902 2114 1006 2178 antra.
1052 2130 1086 2180 55

75 2195 106 2261 N
110 2220 162 2261 am
185 2195 312 2281 Lipare,
334 2195 438 2260 uastis
462 2195 574 2259 subter
598 2195 733 2279 depasta
756 2197 901 2283 caminis,

77 2283 294 2368 Sulphureum
317 2284 422 2349 uomit
446 2305 541 2348 exeso
566 2283 605 2347 de
628 2285 750 2348 uertice
772 2285 908 2352 fumum.

75 2373 140 2438 Ast
163 2375 271 2436 Aetna
294 2377 422 2437 eructat
444 2370 642 2436 tremefactis
666 2373 813 2438 cautibus
839 2373 924 2458 ignis

74 2461 198 2527 Inclusi
221 2461 372 2545 gemitus,
394 2460 564 2545 pelagique
589 2461 718 2524 imitata
740 2461 892 2548 furorem,

75 2549 241 2614 Murmure
264 2570 322 2632 per
345 2571 458 2614 caecos
481 2551 576 2613 tonat
600 2549 774 2632 irrequieta
797 2552 936 2633 fragoris
1050 2573 1084 2620 00

76 2638 181 2703 Nocte
206 2638 320 2721 dieque
344 2637 451 2702 simul.
483 2637 573 2701 fonte
598 2637 883 2723 ePhlegethontis
908 2647 943 2704 ut
968 2647 1039 2706 atro

75 2726 296 2790 Flammarum
320 2725 461 2818 exundat
484 2727 611 2789 torrens
635 2727 789 2810 piceaque
813 2730 955 2810 procella

146 2906 180 2955 30
200 2900 373 2955 Abscitums
393 2930 426 2938 -
446 2898 588 2954 uocantis
625 2908 657 2954 31
673 2902 795 2966 ligurum
811 2903 902 2968 patrio
917 2903 1004 2968 pubes
1018 2910 1082 2954 LFV

73 2973 118 3037 (ia
136 2977 159 3024 V
182 2977 265 3039 corr.)
389 2976 422 3024 39
443 2969 521 3038 Ores,
549 2976 580 3023 ut
602 2975 672 3025 coni.
693 2973 839 3033 Heinsius,
864 2977 885 3021 v
918 2989 961 3024 res
981 2979 1081 3025 cuano

72 3050 108 3096 40
131 3041 278 3097 Moenibus
302 3058 318 3095 e
345 3041 456 3094 centum
475 3046 512 3093 ch
543 3041 689 3095 Moenibus
714 3044 860 3095 ocentum
880 3049 899 3092 L
991 3048 1083 3097 otten-

71 3115 133 3168 tum
161 3119 182 3164 1
213 3111 360 3166 Moenibus
386 3113 515 3166 arentum
542 3117 583 3163 0V
708 3117 741 3164 41
768 3129 888 3179 poenam
914 3119 957 3164 0555
976 3116 1030 3182 Ep.
1047 3122 1082 3169 51

72 3190 107 3238 43
127 3183 213 3254 15550]
232 3199 312 3238 casso
329 3184 375 3238 ccl
393 3181 479 3237 misso
494 3183 671 3252 Duasqueius
742 3188 776 3235 46
796 3181 921 3249 helymus
936 3190 975 3234 LF
998 3186 1080 3240 hebe-

71 3255 198 3309 rimuso
226 3255 339 3308 hebrius
358 3257 382 3304 V
507 3259 541 3307 48
561 3254 711 3306 zaneleal.
740 3253 875 3306 aanelaF
904 3257 1017 3308 zenelua
1037 3263 1080 3307 ov

71 3331 107 3379 50
121 3325 263 3380 Hannaeis
277 3331 358 3378 0111·
376 3323 513 3378 hannaois
530 3328 572 3375 0V
590 3324 723 3376 Aetnaeis
738 3324 861 3391 Sculipcr
911 3331 943 3377 51
960 3328 1079 3397 1551555οἸ

70 3397 155 3451 Hista
182 3401 267 3449 chov
298 3395 356 3451 ista
382 3401 423 3447 1AE
454 3398 501 3462 (cf.
521 3412 547 3448 u.
567 3399 633 3461 341)
750 3400 782 3447 52
811 3396 857 3463 Et]
887 3396 963 3449 Haec
991 3400 1079 3452 Bothe

70 3475 106 3523 56
130 3484 213 3536 super
231 3473 250 3519 1
348 3470 382 3520 58
401 3465 439 3519 At
457 3470 475 3517 0
497 3497 528 3505 -
549 3470 633 3519 aetna
655 3472 675 3516 F
705 3467 807 3519 aethna
825 3473 887 3517 L0v
907 3470 953 3533 (cf.
969 3488 995 3520 u.
1012 3475 1077 3535 579)

71 3570 106 3581 —
126 3539 273 3594 eructato
293 3539 406 3607 eruptat
423 3542 488 3589 111
561 3542 593 3590 59
614 3535 736 3607 imitata]
757 3539 866 3590 mutata
886 3545 901 3588 s

831 3633 864 3679 b
