2438 3924
98 209 141 274 38
500 206 721 262 siurrmmor

98 373 242 437 Ascraeo
264 371 394 436 famaue
420 369 510 434 seni?
549 367 602 434 Sic
625 368 788 454 Phoebus,
812 373 844 434 et
866 369 978 436 Hosto

98 460 209 526 Ultrix
231 482 290 545 per
313 461 480 545 geminum
504 458 698 522 transcurrit
722 463 850 543 tempus
873 459 1040 527 harundo.

97 548 281 614 Uertuntur
303 548 430 614 iuuenis
455 569 532 612 casu
556 548 707 629 perculsa
729 569 786 630 per
810 567 907 632 agros
1071 566 1123 617 413

97 637 251 723 Agmina,
274 642 307 703 et
330 637 450 702 effusae
473 635 596 719 pariter
618 636 698 700 dant
719 639 814 721 terga
837 639 1001 704 cateruae.

97 725 182 791 Tum
205 732 308 812 pater,
332 725 443 790 audita
465 724 536 788 nati
559 745 637 789 nece
660 725 810 789 turbidus
834 724 911 810 irae,

97 814 312 881 Barbaricum
331 818 429 898 atque
448 813 590 877 immane
609 834 752 898 gemens,
772 813 941 900 transfigit
960 816 1121 883 anhelum

97 902 215 969 Pectus
240 907 273 968 et
296 903 337 967 ad
361 903 466 966 manis
490 905 586 984 urget
609 903 748 986 uestigia
770 901 861 966 nati?

144 993 189 1056 At
211 991 334 1076 Libyae
357 992 481 1075 ductor,
503 989 659 1056 Marcello
682 990 806 1056 fractus
830 994 863 1056 et
887 991 957 1056 acri
1068 1011 1121 1061 433

98 1078 264 1145 Oontusus
287 1100 407 1165 pugna,
430 1101 563 1164 campos
587 1078 760 1144 damnarat
782 1083 815 1144 et
838 1102 930 1144 arma

97 1167 252 1233 Uerterat
275 1168 315 1233 ad
339 1168 475 1233 miseras
498 1190 565 1233 nou
589 1169 684 1252 aequi
706 1168 824 1233 Martis
847 1169 1001 1235 Acerras.

97 1257 186 1340 Inde,
208 1256 266 1322 ubi
289 1257 439 1342 permisit
461 1256 603 1322 fiammis
627 1260 725 1341 atque
748 1257 880 1322 ensibus
902 1258 1033 1343 urbem,

97 1344 268 1430 Nuceriae,
290 1345 394 1411 nihilo
418 1346 523 1411 leuior
544 1367 604 1410 nec
626 1346 755 1430 parcior
778 1346 835 1429 ira,

96 1432 240 1500 Incussit
264 1455 333 1499 sese
357 1438 455 1519 atque
480 1434 634 1518 aequauit
657 1434 785 1498 moenia
807 1438 924 1500 terrae.
1069 1453 1121 1505 433

97 1521 178 1587 Post
202 1521 344 1589 Casilina
368 1524 440 1608 sibi,
463 1525 604 1588 multum
627 1523 814 1589 obluctatus
837 1523 959 1607 iniquis

97 1611 338 1677 Defendentum
362 1613 471 1698 armis,
495 1633 591 1698 aegre
614 1615 818 1677 reserauerat
840 1614 915 1676 astu

97 1699 228 1766 Limina
252 1706 284 1766 et
308 1702 449 1766 obsessis
473 1702 578 1765 uitam
600 1704 795 1784 pensauerat
818 1722 906 1765 auro.

96 1789 242 1874 Iamque,
265 1790 300 1854 in
323 1790 508 1854 Dauniacos
531 1789 759 1854 transfundens
783 1790 915 1875 agmine
939 1811 1091 1877 campos,

97 1877 268 1944 Flectebat
290 1879 424 1961 rabiem,
449 1900 512 1961 quo
536 1878 657 1962 praeda
680 1877 731 1942 uel
755 1879 804 1942 ira
827 1882 987 1944 uocasset.
1065 1898 1118 1949 430

97 1965 261 2032 Fumabat
283 1967 387 2032 uersis
411 1967 545 2031 incensa
568 1965 685 2030 Petilia
708 1966 814 2049 tectis,

99 2054 217 2119 Infelix
239 2054 315 2118 fidei
338 2055 540 2138 miseraeque
564 2054 705 2118 secunda
729 2052 885 2141 Sagunto,

98 2142 145 2207 At
174 2143 337 2226 quondam
364 2143 557 2208 Herculeam
589 2164 719 2207 seruare
748 2143 887 2227 superba
914 2144 1121 2228 pharetram.

143 2229 295 2295 Uerterat
318 2234 351 2295 et
374 2234 515 2295 mentem
538 2231 639 2313 Tyria
662 2232 702 2296 ad
727 2236 844 2298 conata
867 2231 1042 2320 Tarentus

98 2319 271 2403 Portisque
294 2319 456 2384 intrarant
469 2318 578 2385 Poeni.
617 2321 673 2384 sed
692 2321 779 2384 enim
797 2343 871 2386 arce
890 2343 1037 2408 corusca,
1066 2340 1119 2392 433

98 2406 178 2472 Fisa
201 2409 283 2491 loco,
307 2429 422 2473 manus
446 2409 612 2474 Ausoniae
635 2409 758 2492 stipata
782 2409 924 2474 sedebat.

98 2494 171 2576 Hic,
194 2495 341 2561 miranda
364 2518 508 2581 mouens,
531 2498 677 2581 classem,
696 2519 777 2581 quae
801 2497 933 2563 condita
956 2505 1061 2584 portu

98 2584 242 2649 Astabat
267 2621 306 2630 —
330 2606 472 2669 namque
496 2585 645 2671 angustis
668 2608 685 2650 e
708 2585 857 2651 faucibus
881 2608 1006 2671 aequor

98 2672 252 2757 Erumpit
276 2674 425 2756 scopulos
448 2674 534 2738 inter
556 2675 734 2759 patuloque
757 2696 885 2741 recessu
986 2691 988 2694 ’

170 2872 222 2922 413
241 2864 376 2992 Ascraeo,
400 2865 522 2922 Onmaeo
546 2867 591 2922 ael
614 2866 767 2935 Smyrnaeo
791 2866 913 2936 Ruperti
931 2899 965 2909 -
984 2869 1119 2947 famaue]

99 2936 269 3006 Smyrnaeus
283 2937 357 2992 Bart
391 2967 424 2978 -
438 2936 528 2994 Hosto
543 2943 580 2990 ch
597 2937 757 2992 hoscouov
775 2939 887 2993 hector
937 2944 992 2995 41⁷
1008 2943 1088 2999 Dum
1103 2950 1119 2999 3

99 3013 152 3061 434
181 3008 272 3064 leuior
299 3014 342 3061 ov
373 3007 482 3065 laeuior
506 3015 527 3060 r
559 3007 650 3064 lenior
677 3014 697 3060 1.
720 3039 754 3048 —
777 3008 838 3064 irae
868 3009 980 3066 Gronov
1009 3015 1120 3087 aliique
1164 3006 1166 3017 '

99 3084 152 3132 436
171 3078 263 3146 iniqui
282 3086 319 3133 ch
395 3085 447 3135 437
467 3078 564 3151 armis]
584 3078 684 3134 animis
704 3079 883 3150 Duasquea'ur
901 3111 936 3120 —
955 3098 1044 3154 aegre
1063 3102 1119 3145 res.

99 3149 175 3220 astu]
204 3158 233 3205 et
260 3153 305 3206 uel
331 3149 380 3205 uix
402 3168 431 3206 ra
454 3153 590 3207 resarta
612 3151 732 3220 Ruperti
757 3182 789 3191 -
814 3150 890 3222 astu]
918 3153 1001 3209 aestu
1029 3155 1122 3215 Bora

98 3224 152 3274 428
172 3221 366 3291 chresimon,
386 3223 460 3278 mede
479 3225 509 3278 at
528 3223 657 3278 obsessus
672 3222 764 3278 Barth
835 3227 888 3277 433
906 3222 936 3277 in
955 3223 1122 3286 Dauniacos

99 3291 224 3361 Scoliqer
237 3298 262 3347 et
275 3292 412 3349 Hetaerice
430 3292 634 3363 iudauniuagos
648 3298 690 3345 101‘
709 3293 739 3347 in
758 3293 914 3364 dauniugcs
930 3298 950 3347 0
968 3294 1002 3350 in
1016 3298 1121 3370 dapni-

98 3377 188 3432 uagos
199 3367 221 3414 v
242 3367 361 3434 (3333333
375 3366 412 3420 da
425 3366 531 3420 litteras
544 3381 635 3420 omncs
648 3369 712 3421 m.2
725 3366 757 3419 ia
771 3367 899 3421 lacunam
911 3369 978 3434 scr.)
999 3368 1120 3442 Iamque

99 3450 174 3503 uaga
196 3433 226 3488 in
249 3435 343 3489 Dauni
365 3437 399 3490 tr.
421 3435 502 3491 Tlu‘lo
520 3467 553 3477 -
573 3435 772 3491 transfundens
791 3443 807 3489 3
835 3435 1008 3504 perfundens
1032 3444 1121 3516 “⁸49⁰

98 3510 152 3559 430
171 3508 322 3562 uocassent
339 3507 477 3562 Heinsius
550 3513 603 3562 433
622 3506 662 3561 At
679 3511 715 3559 ch
808 3512 861 3562 438
881 3507 908 3578 c]
928 3525 960 3564 se
978 3510 1121 3572 Heinsius

99 3581 124 3632 et
143 3578 230 3633 Bothe
302 3581 354 3631 439
373 3577 507 3648 Irrumpit
525 3579 614 3635 Bothe
