2438 3924
198 166 263 230 144
592 166 662 221 SlLI
680 163 814 221 ITALICI

194 326 341 411 Militiae,
365 328 420 412 qui
443 329 605 412 dispersas
630 329 700 394 sine
723 328 796 414 lege
820 327 969 392 cateruas
1009 394 1016 402 ,
1132 342 1136 347 ·

197 415 314 481 Uestro
336 417 517 482 formarent
539 418 605 482 ritu
629 417 670 481 ad
693 415 870 481 certamina
892 412 1024 478 Martis.

197 507 260 568 Ast
282 524 352 588 ego,
375 527 448 570 oum
472 510 594 586 eontra,
615 505 738 570 nostris
763 525 845 590 quae
868 503 963 586 oopia
986 502 1121 587 regnis,

195 591 290 657 Nune
313 592 383 657 auri
405 592 533 674 ferrem,
555 593 644 658 niuei
666 614 752 658 nune
774 611 909 656 munera
927 589 1050 674 dentis,
1170 605 1216 656 205

195 679 253 745 Nil
276 681 366 745 ualui
387 682 548 765 precibus.
585 683 673 747 solos
697 680 761 745 sibi
783 680 871 763 oepit
892 681 1044 762 uterque,

196 767 283 843 Quos
307 769 480 834 cohibebat
503 770 583 834 ebur
606 769 743 854 uaginae
767 767 898 849 sectilis,
921 787 1027 832 enses.

195 855 312 940 Quare,
334 877 405 943 age,
427 858 533 923 laetus
555 859 639 922 haue
661 860 792 922 nostros
815 857 939 920 intrare
961 855 1103 938 penatis

196 946 255 1028 Ae,
278 966 351 1010 mea
374 946 501 1029 quando
526 943 628 1011 affert
643 944 801 1030 Libyoum
823 943 956 1009 fortuna
977 965 1041 1028 per
1064 945 1178 1010 undas

197 1031 384 1116 Duotorem,
406 1032 506 1118 faoili,
529 1055 610 1120 quae
634 1034 748 1115 diuam,
770 1032 898 1117 peroipe
921 1034 1045 1097 mente.
1170 1050 1213 1098 21

195 1120 243 1184 Et
266 1143 335 1204 uos,
357 1122 413 1205 qui
435 1121 552 1206 Tyriae
575 1123 689 1207 regitis
713 1118 922 1206 Carthaginis
946 1140 1050 1204 areas,

196 1208 393 1292 Hasdrubal,
415 1209 479 1275 hue
503 1233 607 1296 aures,
629 1211 693 1277 huo
716 1228 834 1295 quaeso
859 1208 1024 1273 aduertite
1044 1230 1176 1277 sensus.

198 1296 326 1372 Quanta
348 1318 406 1381 per
428 1298 592 1364 Ausonios
616 1298 754 1384 populos
778 1296 979 1363 torrentibus
1003 1298 1114 1363 armis

200 1383 391 1469 Tempestas
414 1392 489 1450 ruat
507 1391 540 1451 et
563 1386 657 1452 Latio
682 1408 832 1472 suprema
854 1384 1006 1469 minetur,

198 1470 308 1556 thue
332 1474 447 1538 bibant
466 1473 601 1558 Tyrium
621 1476 670 1540 bis
694 1474 809 1559 quinos
833 1494 930 1538 saeua
952 1494 1012 1557 per
1033 1495 1146 1540 annos
1170 1491 1214 1540 21

198 1559 316 1625 Sicana
338 1584 423 1627 nuno
447 1564 554 1648 tellus,
576 1585 662 1628 nuno
685 1564 781 1628 litora
805 1562 928 1627 Hibera
951 1583 1116 1647 eruorem,

198 1648 258 1714 Oui
281 1652 407 1715 nesoire
431 1651 529 1717 lieet?
559 1653 638 1737 quin
661 1672 738 1735 ergo
762 1650 872 1716 tristia
894 1649 1029 1715 tandem

199 1736 380 1804 Considunt
403 1740 499 1821 bella,
522 1744 555 1804 et
577 1739 739 1823 deponitis
763 1761 855 1805 arma
876 1738 1050 1803 uolentes?

197 1825 247 1890 Tu
270 1826 382 1912 Libya,
404 1833 440 1892 tu
463 1833 496 1893 te
518 1827 665 1892 Ausonia
688 1828 839 1893 cohibere
862 1829 1034 1892 memento.

197 1912 293 1979 Haud
318 1915 471 1981 deformis
495 1917 558 1981 erit
580 1916 674 1981 uobis
698 1916 739 1980 ad
762 1916 892 1980 foedera
914 1915 1017 1980 uersis
1169 1933 1218 1983 sau

196 2001 337 2068 Pacator
360 2004 549 2088 mediusque
573 2002 726 2089 Syphax?
765 2002 968 2088 subiungere
991 2003 1090 2086 plura

198 2089 274 2155 Non
297 2114 421 2176 passus,
445 2093 552 2176 gentis
576 2115 702 2159 morem
725 2091 959 2174 arbitriumque
983 2097 1126 2159 senatus

199 2176 307 2261 Soipio
331 2178 545 2263 demonstrat3
567 2182 707 2266 uanique
731 2180 886 2246 absistere
909 2180 1017 2262 coepti

200 2264 264 2350 Spe
287 2267 378 2331 iubet
400 2272 433 2331 et
455 2273 565 2352 patres
589 2269 683 2334 docet
704 2269 786 2334 haee
809 2267 987 2353 expendere
1011 2268 1118 2335 solos.

199 2353 362 2419 Suadendi
383 2356 498 2420 modus
521 2356 588 2441 hio3
612 2357 760 2442 quodque
784 2359 834 2421 est
857 2355 896 2420 de
918 2358 1012 2442 parte
1037 2355 1104 2421 diei
1162 2373 1211 2423 aro

198 2443 314 2508 Exaeti
338 2465 444 2529 snper,
466 2445 506 2508 ad
530 2467 659 2509 mensas
683 2451 716 2510 et
738 2445 855 2529 poeula
876 2447 1017 2509 uertunt.

197 2532 315 2616 Atque,
339 2533 442 2616 epulis
466 2539 640 2618 postquam
663 2532 748 2618 finis,
770 2533 849 2597 dant
872 2553 1008 2615 corpora
1031 2553 1154 2599 somno

197 2619 243 2684 Et
266 2621 346 2685 dura
369 2621 403 2684 in
425 2624 555 2686 noctem
579 2643 728 2687 curarum
750 2621 879 2686 uinoula
902 2621 1044 2685 soluunt.

238 2710 372 2794 lamque
394 2732 515 2774 nouum
539 2713 634 2774 terrie
658 2709 808 2793 pariebat
831 2708 943 2774 limine
965 2707 1075 2793 primo

196 2796 376 2882 Egrediens
399 2796 529 2863 Aurora
552 2799 647 2881 diem,
670 2798 872 2883 stabulisque
895 2797 1052 2863 subibant
1161 2814 1210 2865 seu

271 3031 324 3080 204
343 3027 440 3079 eontra
464 3025 573 3092 Withof
591 2987 765 3078 nostrabro
790 3024 924 3078 uestrav
947 3024 1043 3078 uestro
1062 3024 1126 3080 edd.
1146 3041 1213 3082 aon·

199 3096 294 3150 nullae
312 3127 346 3136 -
364 3094 503 3150 nostriss
531 3095 562 3149 in
579 3093 682 3150 nostris
701 3096 785 3164 uulyo
874 3098 926 3149 208
944 3093 1018 3147 haue
1037 3099 1076 3147 oh
1104 3095 1213 3153 hahes

201 3167 287 3232 (εΗ.
304 3170 352 3234 61)
371 3167 459 3222 habes
478 3167 597 3236 Ruperti
625 3181 704 3220 ames
722 3166 767 3221 uel
785 3165 851 3219 ades
871 3165 955 3220 Blues
1058 3170 1113 3221 209
1134 3165 1215 3223 affert

200 3241 245 3288 cnr
259 3237 315 3305 Ep.
331 3242 421 3292 mr
444 3236 526 3292 abest
541 3242 583 3289 ov
596 3237 641 3303 (T.
653 3254 682 3307 p.
696 3240 763 3293 220.
779 3239 848 3303 225)
893 3233 1075 3291 212huoov
1093 3235 1215 3294 hinet!

200 3311 253 3360 213
276 3307 447 3362 torrentibus
466 3314 482 3360 s
510 3307 679 3363 terrentibus
697 3307 786 3362 Bothe
802 3305 981 3360 horrentibus
998 3321 1050 3360 uos
1100 3312 1157 3364 215
1174 3312 1215 3364 ter

200 3375 303 3445 quinos
322 3379 499 3448 Daueques'us
516 3380 564 3446 (of.
578 3396 606 3433 u.
622 3381 687 3446 151)
738 3383 791 3432 223
810 3378 932 3446 uanique
947 3381 1012 3429 chr
1035 3393 1164 3448 namque
1176 3382 1214 3433 w

199 3463 314 3518 nanque
333 3453 364 3517 V,
387 3451 461 3504 unde
479 3466 600 3519 namque
618 3449 700 3504 illum
719 3450 803 3517 uulqo
830 3447 944 3516 iamque
962 3446 1043 3502 illum
1062 3447 1215 3507 Liuineius

198 3519 304 3588 aliique
375 3525 427 3574 226
445 3518 587 3575 Exactafl
660 3525 712 3574 229
731 3517 829 3574 limine
848 3524 892 3571 cnr
905 3518 961 3588 Ep.
979 3523 1014 3574 19
1033 3517 1183 3577 luminae
