<?xml version="1.0" encoding="UTF-8"?>
<!DOCTYPE html PUBLIC "-//W3C//DTD XHTML 1.0 Transitional//EN"
    "http://www.w3.org/TR/xhtml1/DTD/xhtml1-transitional.dtd">
<html xmlns="http://www.w3.org/1999/xhtml" xml:lang="en" lang="en">
 <head>
  <title>
</title>
<meta http-equiv="Content-Type" content="text/html;charset=utf-8" />
  <meta name='ocr-system' content='tesseract 3.04.00' />
  <meta name='ocr-capabilities' content='ocr_page ocr_carea ocr_par ocr_line ocrx_word'/>
</head>
<body>
  <div class='ocr_page' id='page_1' title='image "./siliitalicipuni00italgoog_0063.png"; bbox 0 0 2438 3924; ppageno 0'>
   <div class='ocr_carea' id='block_1_1' title="bbox 96 149 717 237">
    <p class='ocr_par' dir='ltr' id='par_1_1' title="bbox 96 149 717 237">
     <span class='ocr_line' id='line_1_1' title="bbox 96 149 717 237; baseline -0.006 -30"><span class='ocrx_word' id='word_1_1' title='bbox 96 150 139 216; x_wconf 85' lang='lat'>48</span> <span class='ocrx_word' id='word_1_2' title='bbox 498 150 565 205; x_wconf 86' lang='lat' dir='ltr'>SILI</span> <span class='ocrx_word' id='word_1_3' title='bbox 580 149 717 237; x_wconf 44' lang='grc' dir='ltr'>ΦΙΤΑΙιΙΟΙ</span> 
     </span>
    </p>
   </div>
   <div class='ocr_carea' id='block_1_2' title="bbox 96 311 1119 3057">
    <p class='ocr_par' dir='ltr' id='par_1_2' title="bbox 99 311 1048 398">
     <span class='ocr_line' id='line_1_2' title="bbox 99 311 1048 398; baseline 0 -20"><span class='ocrx_word' id='word_1_4' title='bbox 99 311 184 378; x_wconf 78' lang='lat' dir='ltr'>Cara</span> <span class='ocrx_word' id='word_1_5' title='bbox 207 314 296 395; x_wconf 90' lang='lat' dir='ltr'>mihi,</span> <span class='ocrx_word' id='word_1_6' title='bbox 320 335 386 379; x_wconf 93' lang='lat' dir='ltr'>non</span> <span class='ocrx_word' id='word_1_7' title='bbox 409 314 477 378; x_wconf 92' lang='lat' dir='ltr'>ulla</span> <span class='ocrx_word' id='word_1_8' title='bbox 500 334 656 398; x_wconf 89' lang='lat' dir='ltr'>umquam</span> <span class='ocrx_word' id='word_1_9' title='bbox 680 313 749 378; x_wconf 91' lang='lat' dir='ltr'>sine</span> <span class='ocrx_word' id='word_1_10' title='bbox 772 313 836 377; x_wconf 90' lang='lat' dir='ltr'>fine</span> <span class='ocrx_word' id='word_1_11' title='bbox 860 314 969 380; x_wconf 85' lang='lat' dir='ltr'>feroci</span> <span class='ocrx_word' id='word_1_12' title='bbox 1045 350 1048 358; x_wconf 79' lang='lat'>,</span> 
     </span>
    </p>

    <p class='ocr_par' dir='ltr' id='par_1_3' title="bbox 96 400 1114 576">
     <span class='ocr_line' id='line_1_3' title="bbox 96 400 1114 555; baseline 0.004 -89"><span class='ocrx_word' id='word_1_13' title='bbox 96 402 205 555; x_wconf 42' lang='lat' dir='ltr'>&amp;deles</span> <span class='ocrx_word' id='word_1_14' title='bbox 228 402 321 467; x_wconf 88' lang='lat' dir='ltr'>frena</span> <span class='ocrx_word' id='word_1_15' title='bbox 343 402 437 467; x_wconf 77' lang='lat' dir='ltr'>uiro?</span> <span class='ocrx_word' id='word_1_16' title='bbox 459 402 559 467; x_wconf 77' lang='lat' dir='ltr'>fuerit</span> <span class='ocrx_word' id='word_1_17' title='bbox 583 402 688 467; x_wconf 90' lang='lat' dir='ltr'>delere</span> <span class='ocrx_word' id='word_1_18' title='bbox 712 400 909 487; x_wconf 74' lang='lat' dir='ltr'>Sagunium,</span> <span class='ocrx_word' id='word_1_19' title='bbox 1070 421 1114 472; x_wconf 78' lang='grc'>691</span> 
     </span>
     <span class='ocr_line' id='line_1_4' title="bbox 128 491 884 576; baseline 0.001 -21"><span class='ocrx_word' id='word_1_20' title='bbox 128 513 287 576; x_wconf 83' lang='lat' dir='ltr'>xaequare</span> <span class='ocrx_word' id='word_1_21' title='bbox 311 492 423 575; x_wconf 81' lang='lat' dir='ltr'>Alpes,</span> <span class='ocrx_word' id='word_1_22' title='bbox 446 491 614 574; x_wconf 82' lang='lat' dir='ltr'>imponere</span> <span class='ocrx_word' id='word_1_23' title='bbox 636 491 768 556; x_wconf 91' lang='lat' dir='ltr'>uincula</span> <span class='ocrx_word' id='word_1_24' title='bbox 791 512 884 556; x_wconf 86' lang='lat' dir='ltr'>sacro</span> 
     </span>
    </p>

    <p class='ocr_par' dir='ltr' id='par_1_4' title="bbox 96 579 860 664">
     <span class='ocr_line' id='line_1_5' title="bbox 96 579 860 664; baseline -0.003 -20"><span class='ocrx_word' id='word_1_25' title='bbox 96 579 250 664; x_wconf 82' lang='lat' dir='ltr'><strong>Eridano,</strong></span> <span class='ocrx_word' id='word_1_26' title='bbox 273 579 404 645; x_wconf 88' lang='lat' dir='ltr'>foedare</span> <span class='ocrx_word' id='word_1_27' title='bbox 427 580 526 646; x_wconf 91' lang='lat' dir='ltr'>lacus.</span> <span class='ocrx_word' id='word_1_28' title='bbox 564 579 705 644; x_wconf 78' lang='lat' dir='ltr'>etiamne</span> <span class='ocrx_word' id='word_1_29' title='bbox 728 579 860 664; x_wconf 79' lang='lat' dir='ltr'>parabit</span> 
     </span>
    </p>

    <p class='ocr_par' dir='ltr' id='par_1_5' title="bbox 98 667 1055 753">
     <span class='ocr_line' id='line_1_6' title="bbox 98 667 1055 753; baseline 0.004 -20"><span class='ocrx_word' id='word_1_30' title='bbox 98 667 235 734; x_wconf 81' lang='lat' dir='ltr'>Nostras</span> <span class='ocrx_word' id='word_1_31' title='bbox 259 668 316 732; x_wconf 90' lang='lat' dir='ltr'>ille</span> <span class='ocrx_word' id='word_1_32' title='bbox 340 668 463 753; x_wconf 86' lang='lat' dir='ltr'>domos,</span> <span class='ocrx_word' id='word_1_33' title='bbox 485 671 616 733; x_wconf 76' lang='lat' dir='ltr'>nosiras</span> <span class='ocrx_word' id='word_1_34' title='bbox 639 689 847 752; x_wconf 85' lang='lat' dir='ltr'>perrumpere</span> <span class='ocrx_word' id='word_1_35' title='bbox 870 668 907 733; x_wconf 95' lang='lat' dir='ltr'>in</span> <span class='ocrx_word' id='word_1_36' title='bbox 932 673 1055 737; x_wconf 77' lang='lat' dir='ltr'>arces?</span> 
     </span>
    </p>

    <p class='ocr_par' dir='ltr' id='par_1_6' title="bbox 99 755 1076 846">
     <span class='ocr_line' id='line_1_7' title="bbox 99 755 1076 846; baseline 0.005 -25"><span class='ocrx_word' id='word_1_37' title='bbox 99 755 185 822; x_wconf 73' lang='lat' dir='ltr'>Sisie</span> <span class='ocrx_word' id='word_1_38' title='bbox 209 758 325 822; x_wconf 85' lang='lat' dir='ltr'>uirum.</span> <span class='ocrx_word' id='word_1_39' title='bbox 359 778 510 841; x_wconf 91' lang='lat' dir='ltr'>namque,</span> <span class='ocrx_word' id='word_1_40' title='bbox 532 759 570 821; x_wconf 78' lang='lat' dir='ltr'>ut</span> <span class='ocrx_word' id='word_1_41' title='bbox 593 757 706 840; x_wconf 90' lang='lat' dir='ltr'>cernis,</span> <span class='ocrx_word' id='word_1_42' title='bbox 729 757 795 821; x_wconf 91' lang='lat' dir='ltr'>iam</span> <span class='ocrx_word' id='word_1_43' title='bbox 818 756 953 842; x_wconf 77' lang='lat' dir='ltr'>flagitat</span> <span class='ocrx_word' id='word_1_44' title='bbox 978 759 1076 846; x_wconf 85' lang='lat' dir='ltr'>ignes</span> 
     </span>
    </p>

    <p class='ocr_par' dir='ltr' id='par_1_7' title="bbox 96 845 1116 1020">
     <span class='ocr_line' id='line_1_8' title="bbox 96 845 1116 930; baseline 0 -20"><span class='ocrx_word' id='word_1_45' title='bbox 96 845 142 910; x_wconf 75' lang='lat' dir='ltr'>Ee</span> <span class='ocrx_word' id='word_1_46' title='bbox 164 849 259 930; x_wconf 74' lang='lat' dir='ltr'>panai</span> <span class='ocrx_word' id='word_1_47' title='bbox 282 847 424 911; x_wconf 74' lang='lat' dir='ltr'>accensis</span> <span class='ocrx_word' id='word_1_48' title='bbox 448 845 571 910; x_wconf 73' lang='lat' dir='ltr'>imiiari</span> <span class='ocrx_word' id='word_1_49' title='bbox 593 845 733 911; x_wconf 86' lang='lat' dir='ltr'>fulmina</span> <span class='ocrx_word' id='word_1_50' title='bbox 754 845 918 911; x_wconf 65' lang='lat' dir='ltr'>flammis?</span> <span class='ocrx_word' id='word_1_51' title='bbox 1070 865 1116 916; x_wconf 76' lang='lat' dir='ltr'>roo</span> 
     </span>
     <span class='ocr_line' id='line_1_9' title="bbox 141 933 977 1020; baseline 0.004 -22"><span class='ocrx_word' id='word_1_52' title='bbox 141 933 203 999; x_wconf 89' lang='lat' dir='ltr'>His</span> <span class='ocrx_word' id='word_1_53' title='bbox 227 934 323 998; x_wconf 78' lang='lat' dir='ltr'>diciis</span> <span class='ocrx_word' id='word_1_54' title='bbox 347 938 457 1019; x_wconf 80' lang='lat' dir='ltr'>grates</span> <span class='ocrx_word' id='word_1_55' title='bbox 482 934 551 1020; x_wconf 75' lang='lat' dir='ltr'>agii</span> <span class='ocrx_word' id='word_1_56' title='bbox 575 956 613 999; x_wconf 90' lang='lat' dir='ltr'>ac</span> <span class='ocrx_word' id='word_1_57' title='bbox 635 934 770 999; x_wconf 72' lang='lat' dir='ltr'>turbaia</span> <span class='ocrx_word' id='word_1_58' title='bbox 792 955 850 1018; x_wconf 88' lang='lat' dir='ltr'>per</span> <span class='ocrx_word' id='word_1_59' title='bbox 874 956 977 1001; x_wconf 88' lang='lat' dir='ltr'>auras</span> 
     </span>
    </p>

    <p class='ocr_par' dir='ltr' id='par_1_8' title="bbox 97 1022 909 1107">
     <span class='ocr_line' id='line_1_10' title="bbox 97 1022 909 1107; baseline 0 -20"><span class='ocrx_word' id='word_1_60' title='bbox 97 1022 240 1088; x_wconf 79' lang='lat' dir='ltr'>Deuolat</span> <span class='ocrx_word' id='word_1_61' title='bbox 262 1028 295 1087; x_wconf 79' lang='lat' dir='ltr'>et</span> <span class='ocrx_word' id='word_1_62' title='bbox 316 1045 435 1107; x_wconf 91' lang='lat' dir='ltr'>prensa</span> <span class='ocrx_word' id='word_1_63' title='bbox 456 1023 582 1087; x_wconf 92' lang='lat' dir='ltr'>iuuenis</span> <span class='ocrx_word' id='word_1_64' title='bbox 608 1022 760 1088; x_wconf 78' lang='lat' dir='ltr'>Saturnia</span> <span class='ocrx_word' id='word_1_65' title='bbox 784 1022 909 1087; x_wconf 75' lang='lat' dir='ltr'>dextra:</span> 
     </span>
    </p>

    <p class='ocr_par' dir='ltr' id='par_1_9' title="bbox 100 1110 1054 1198">
     <span class='ocr_line' id='line_1_11' title="bbox 100 1110 1054 1198; baseline 0.006 -23"><span class='ocrx_word' id='word_1_66' title='bbox 100 1110 186 1186; x_wconf 74' lang='lat' dir='ltr'>‘Quo</span> <span class='ocrx_word' id='word_1_67' title='bbox 210 1111 287 1196; x_wconf 88' lang='lat' dir='ltr'>ruis,</span> <span class='ocrx_word' id='word_1_68' title='bbox 311 1134 330 1176; x_wconf 94' lang='lat' dir='ltr'>o</span> <span class='ocrx_word' id='word_1_69' title='bbox 354 1111 489 1176; x_wconf 77' lang='lat' dir='ltr'>uecors?</span> <span class='ocrx_word' id='word_1_70' title='bbox 513 1111 699 1195; x_wconf 90' lang='lat' dir='ltr'>maioraque</span> <span class='ocrx_word' id='word_1_71' title='bbox 722 1111 808 1176; x_wconf 93' lang='lat' dir='ltr'>bella</span> <span class='ocrx_word' id='word_1_72' title='bbox 832 1113 993 1198; x_wconf 86' lang='lat' dir='ltr'>capessis,</span> <span class='ocrx_word' id='word_1_73' title='bbox 1051 1177 1054 1181; x_wconf 85' lang='lat'>.</span> 
     </span>
    </p>

    <p class='ocr_par' dir='ltr' id='par_1_10' title="bbox 100 1198 1080 1284">
     <span class='ocr_line' id='line_1_12' title="bbox 100 1198 1080 1284; baseline 0.004 -20"><span class='ocrx_word' id='word_1_74' title='bbox 100 1199 234 1265; x_wconf 81' lang='lat' dir='ltr'>Moriali</span> <span class='ocrx_word' id='word_1_75' title='bbox 257 1222 355 1284; x_wconf 87' lang='lat' dir='ltr'>quam</span> <span class='ocrx_word' id='word_1_76' title='bbox 377 1200 461 1264; x_wconf 86' lang='lat' dir='ltr'>ferre</span> <span class='ocrx_word' id='word_1_77' title='bbox 486 1198 637 1264; x_wconf 56' lang='lat' dir='ltr'>datum?</span> <span class='ocrx_word' id='word_1_78' title='bbox 669 1200 751 1264; x_wconf 90' lang='lat' dir='ltr'>Iuno</span> <span class='ocrx_word' id='word_1_79' title='bbox 774 1200 881 1282; x_wconf 79' lang='lat' dir='ltr'>inquii</span> <span class='ocrx_word' id='word_1_80' title='bbox 905 1203 940 1264; x_wconf 76' lang='lat' dir='ltr'>ei</span> <span class='ocrx_word' id='word_1_81' title='bbox 965 1205 1080 1268; x_wconf 78' lang='lat' dir='ltr'>airam</span> 
     </span>
    </p>

    <p class='ocr_par' dir='ltr' id='par_1_11' title="bbox 99 1287 1116 1372">
     <span class='ocr_line' id='line_1_13' title="bbox 99 1287 1116 1372; baseline 0.006 -20"><span class='ocrx_word' id='word_1_82' title='bbox 99 1287 249 1353; x_wconf 77' lang='lat' dir='ltr'>Dimouit</span> <span class='ocrx_word' id='word_1_83' title='bbox 270 1289 390 1353; x_wconf 89' lang='lat' dir='ltr'>nubem</span> <span class='ocrx_word' id='word_1_84' title='bbox 412 1310 554 1372; x_wconf 89' lang='lat' dir='ltr'>ueroque</span> <span class='ocrx_word' id='word_1_85' title='bbox 578 1288 731 1371; x_wconf 78' lang='lat' dir='ltr'>apparuit</span> <span class='ocrx_word' id='word_1_86' title='bbox 754 1309 818 1352; x_wconf 88' lang='lat' dir='ltr'>ore.</span> <span class='ocrx_word' id='word_1_87' title='bbox 1070 1307 1116 1358; x_wconf 76' lang='grc'>707</span> 
     </span>
    </p>

    <p class='ocr_par' dir='ltr' id='par_1_12' title="bbox 98 1374 1001 1464">
     <span class='ocr_line' id='line_1_14' title="bbox 98 1374 1001 1464; baseline 0.003 -23"><span class='ocrx_word' id='word_1_88' title='bbox 98 1374 191 1441; x_wconf 75' lang='lat' dir='ltr'>‘Non</span> <span class='ocrx_word' id='word_1_89' title='bbox 214 1378 278 1443; x_wconf 75' lang='lat' dir='ltr'>cibi</span> <span class='ocrx_word' id='word_1_90' title='bbox 301 1399 374 1443; x_wconf 88' lang='lat' dir='ltr'>cum</span> <span class='ocrx_word' id='word_1_91' title='bbox 398 1376 542 1460; x_wconf 81' lang='lat' dir='ltr'>Phrygio</span> <span class='ocrx_word' id='word_1_92' title='bbox 566 1398 618 1441; x_wconf 89' lang='lat' dir='ltr'>res</span> <span class='ocrx_word' id='word_1_93' title='bbox 641 1376 837 1442; x_wconf 81' lang='lat' dir='ltr'>Laurentiue</span> <span class='ocrx_word' id='word_1_94' title='bbox 861 1377 1001 1464; x_wconf 73' lang='lat' dir='ltr'>colono,</span> 
     </span>
    </p>

    <p class='ocr_par' dir='ltr' id='par_1_13' title="bbox 97 1464 1051 1554">
     <span class='ocr_line' id='line_1_15' title="bbox 97 1464 1051 1554; baseline 0.004 -25"><span class='ocrx_word' id='word_1_95' title='bbox 97 1464 158 1548; x_wconf 82' lang='lat' dir='ltr'>En,</span> <span class='ocrx_word' id='word_1_96' title='bbox 182 1487 242 1551; x_wconf 85' lang='lat' dir='ltr'>age</span> <span class='ocrx_word' id='word_1_97' title='bbox 260 1504 298 1514; x_wconf 95' lang='lat'>—</span> <span class='ocrx_word' id='word_1_98' title='bbox 314 1488 464 1549; x_wconf 89' lang='lat' dir='ltr'>namque,</span> <span class='ocrx_word' id='word_1_99' title='bbox 487 1465 589 1530; x_wconf 90' lang='lat' dir='ltr'>oculis</span> <span class='ocrx_word' id='word_1_100' title='bbox 613 1471 724 1531; x_wconf 78' lang='lat' dir='ltr'>amota</span> <span class='ocrx_word' id='word_1_101' title='bbox 745 1464 831 1529; x_wconf 91' lang='lat' dir='ltr'>nube</span> <span class='ocrx_word' id='word_1_102' title='bbox 854 1486 1051 1554; x_wconf 79' lang='lat' dir='ltr'>parumper,</span> 
     </span>
    </p>

    <p class='ocr_par' dir='ltr' id='par_1_14' title="bbox 99 1551 1092 1639">
     <span class='ocr_line' id='line_1_16' title="bbox 99 1551 1092 1639; baseline 0.006 -21"><span class='ocrx_word' id='word_1_103' title='bbox 99 1551 237 1619; x_wconf 74' lang='lat' dir='ltr'>Cernere</span> <span class='ocrx_word' id='word_1_104' title='bbox 261 1561 377 1620; x_wconf 83' lang='lat' dir='ltr'>cuncta</span> <span class='ocrx_word' id='word_1_105' title='bbox 401 1554 485 1620; x_wconf 89' lang='lat' dir='ltr'>dabo</span> <span class='ocrx_word' id='word_1_106' title='bbox 503 1591 542 1601; x_wconf 91' lang='lat'>—</span> <span class='ocrx_word' id='word_1_107' title='bbox 560 1555 666 1637; x_wconf 77' lang='lat' dir='ltr'>surgii</span> <span class='ocrx_word' id='word_1_108' title='bbox 690 1576 755 1639; x_wconf 92' lang='lat' dir='ltr'>qua</span> <span class='ocrx_word' id='word_1_109' title='bbox 778 1554 884 1618; x_wconf 89' lang='lat' dir='ltr'>celsus</span> <span class='ocrx_word' id='word_1_110' title='bbox 910 1555 955 1619; x_wconf 88' lang='lat' dir='ltr'>ad</span> <span class='ocrx_word' id='word_1_111' title='bbox 981 1580 1092 1639; x_wconf 85' lang='lat' dir='ltr'>auras,</span> 
     </span>
    </p>

    <p class='ocr_par' dir='ltr' id='par_1_15' title="bbox 98 1641 898 1728">
     <span class='ocr_line' id='line_1_17' title="bbox 98 1641 898 1728; baseline -0.001 -22"><span class='ocrx_word' id='word_1_112' title='bbox 98 1643 225 1728; x_wconf 84' lang='lat' dir='ltr'>Aspice,</span> <span class='ocrx_word' id='word_1_113' title='bbox 248 1644 369 1709; x_wconf 75' lang='lat' dir='ltr'>montis</span> <span class='ocrx_word' id='word_1_114' title='bbox 393 1663 484 1728; x_wconf 84' lang='lat' dir='ltr'>apex,</span> <span class='ocrx_word' id='word_1_115' title='bbox 507 1643 652 1708; x_wconf 71' lang='lat' dir='ltr'>uocitata</span> <span class='ocrx_word' id='word_1_116' title='bbox 675 1641 803 1708; x_wconf 80' lang='lat' dir='ltr'>Palatia</span> <span class='ocrx_word' id='word_1_117' title='bbox 825 1641 898 1727; x_wconf 85' lang='lat' dir='ltr'>regi</span> 
     </span>
    </p>

    <p class='ocr_par' dir='ltr' id='par_1_16' title="bbox 98 1730 1119 1818">
     <span class='ocr_line' id='line_1_18' title="bbox 98 1730 1119 1818; baseline 0.001 -23"><span class='ocrx_word' id='word_1_118' title='bbox 98 1730 273 1797; x_wconf 86' lang='lat' dir='ltr'>Parrhasio</span> <span class='ocrx_word' id='word_1_119' title='bbox 297 1734 394 1818; x_wconf 92' lang='lat' dir='ltr'>plena</span> <span class='ocrx_word' id='word_1_120' title='bbox 417 1735 509 1797; x_wconf 78' lang='lat' dir='ltr'>tenet</span> <span class='ocrx_word' id='word_1_121' title='bbox 532 1734 565 1795; x_wconf 76' lang='lat' dir='ltr'>ei</span> <span class='ocrx_word' id='word_1_122' title='bbox 587 1734 760 1797; x_wconf 74' lang='lat' dir='ltr'>resonanie</span> <span class='ocrx_word' id='word_1_123' title='bbox 783 1730 941 1813; x_wconf 78' lang='lat' dir='ltr'>pharetra</span> <span class='ocrx_word' id='word_1_124' title='bbox 1073 1751 1119 1803; x_wconf 72' lang='grc' dir='ltr'>πο</span> 
     </span>
    </p>

    <p class='ocr_par' dir='ltr' id='par_1_17' title="bbox 98 1817 1008 1906">
     <span class='ocr_line' id='line_1_19' title="bbox 98 1817 1008 1906; baseline 0.007 -23"><span class='ocrx_word' id='word_1_125' title='bbox 98 1819 305 1906; x_wconf 80' lang='lat' dir='ltr'>Intenditque</span> <span class='ocrx_word' id='word_1_126' title='bbox 329 1843 437 1886; x_wconf 90' lang='lat' dir='ltr'>arcum</span> <span class='ocrx_word' id='word_1_127' title='bbox 463 1824 496 1884; x_wconf 75' lang='lat' dir='ltr'>ei</span> <span class='ocrx_word' id='word_1_128' title='bbox 517 1841 645 1905; x_wconf 84' lang='lat' dir='ltr'>pugnas</span> <span class='ocrx_word' id='word_1_129' title='bbox 669 1820 844 1884; x_wconf 65' lang='lat' dir='ltr'>medicatur</span> <span class='ocrx_word' id='word_1_130' title='bbox 868 1817 1008 1904; x_wconf 83' lang='lat' dir='ltr'>Apollo.</span> 
     </span>
    </p>

    <p class='ocr_par' dir='ltr' id='par_1_18' title="bbox 98 1908 820 1993">
     <span class='ocr_line' id='line_1_20' title="bbox 98 1908 820 1993; baseline 0 -21"><span class='ocrx_word' id='word_1_131' title='bbox 98 1908 155 1993; x_wconf 77' lang='lat' dir='ltr'>At,</span> <span class='ocrx_word' id='word_1_132' title='bbox 178 1932 242 1993; x_wconf 91' lang='lat' dir='ltr'>qua</span> <span class='ocrx_word' id='word_1_133' title='bbox 264 1910 379 1974; x_wconf 89' lang='lat' dir='ltr'>uicinis</span> <span class='ocrx_word' id='word_1_134' title='bbox 402 1909 491 1973; x_wconf 76' lang='lat' dir='ltr'>tollii</span> <span class='ocrx_word' id='word_1_135' title='bbox 514 1930 549 1973; x_wconf 92' lang='lat' dir='ltr'>se</span> <span class='ocrx_word' id='word_1_136' title='bbox 572 1909 709 1973; x_wconf 89' lang='lat' dir='ltr'>collibus</span> <span class='ocrx_word' id='word_1_137' title='bbox 733 1909 820 1972; x_wconf 75' lang='lat' dir='ltr'>aliae</span> 
     </span>
    </p>

    <p class='ocr_par' dir='ltr' id='par_1_19' title="bbox 97 1994 890 2082">
     <span class='ocr_line' id='line_1_21' title="bbox 97 1994 890 2082; baseline 0.001 -22"><span class='ocrx_word' id='word_1_138' title='bbox 97 1996 196 2061; x_wconf 90' lang='lat' dir='ltr'>Molis</span> <span class='ocrx_word' id='word_1_139' title='bbox 220 1998 413 2078; x_wconf 77' lang='lat' dir='ltr'>Auentinus,</span> <span class='ocrx_word' id='word_1_140' title='bbox 435 1994 549 2080; x_wconf 88' lang='lat' dir='ltr'>uiden&#39;,</span> <span class='ocrx_word' id='word_1_141' title='bbox 573 2000 610 2060; x_wconf 73' lang='lat' dir='ltr'>nc</span> <span class='ocrx_word' id='word_1_142' title='bbox 632 1996 773 2062; x_wconf 74' lang='lat' dir='ltr'>Laconia</span> <span class='ocrx_word' id='word_1_143' title='bbox 795 1997 890 2082; x_wconf 84' lang='lat' dir='ltr'>uirgo</span> 
     </span>
    </p>

    <p class='ocr_par' dir='ltr' id='par_1_20' title="bbox 98 2084 995 2173">
     <span class='ocr_line' id='line_1_22' title="bbox 98 2084 995 2173; baseline 0.004 -24"><span class='ocrx_word' id='word_1_144' title='bbox 98 2084 262 2150; x_wconf 82' lang='lat' dir='ltr'>Accensae</span> <span class='ocrx_word' id='word_1_145' title='bbox 286 2086 412 2170; x_wconf 78' lang='lat' dir='ltr'>quatiai</span> <span class='ocrx_word' id='word_1_146' title='bbox 435 2085 686 2170; x_wconf 78' lang='lat' dir='ltr'>Phlegethontis</span> <span class='ocrx_word' id='word_1_147' title='bbox 711 2085 841 2170; x_wconf 81' lang='lat' dir='ltr'>gurgite</span> <span class='ocrx_word' id='word_1_148' title='bbox 863 2085 995 2173; x_wconf 84' lang='lat' dir='ltr'>taedas,</span> 
     </span>
    </p>

    <p class='ocr_par' dir='ltr' id='par_1_21' title="bbox 98 2171 1119 2258">
     <span class='ocr_line' id='line_1_23' title="bbox 98 2171 1119 2258; baseline 0.002 -22"><span class='ocrx_word' id='word_1_149' title='bbox 98 2171 238 2239; x_wconf 77' lang='lat' dir='ltr'>Exertos</span> <span class='ocrx_word' id='word_1_150' title='bbox 262 2174 356 2238; x_wconf 87' lang='lat' dir='ltr'>auide</span> <span class='ocrx_word' id='word_1_151' title='bbox 378 2194 507 2258; x_wconf 83' lang='lat' dir='ltr'>pugnae</span> <span class='ocrx_word' id='word_1_152' title='bbox 530 2173 654 2238; x_wconf 78' lang='lat' dir='ltr'>nudaia</span> <span class='ocrx_word' id='word_1_153' title='bbox 676 2174 841 2238; x_wconf 77' lang='lat' dir='ltr'>lacerios‘?</span> <span class='ocrx_word' id='word_1_154' title='bbox 1071 2194 1119 2247; x_wconf 70' lang='grc' dir='ltr'>ἰιι</span> 
     </span>
    </p>

    <p class='ocr_par' dir='ltr' id='par_1_22' title="bbox 97 2261 983 2347">
     <span class='ocr_line' id='line_1_24' title="bbox 97 2261 983 2347; baseline 0.005 -22"><span class='ocrx_word' id='word_1_155' title='bbox 97 2261 195 2326; x_wconf 78' lang='lat' dir='ltr'>Parie</span> <span class='ocrx_word' id='word_1_156' title='bbox 219 2262 293 2342; x_wconf 90' lang='lat' dir='ltr'>alia,</span> <span class='ocrx_word' id='word_1_157' title='bbox 316 2284 419 2347; x_wconf 87' lang='lat' dir='ltr'>cerne,</span> <span class='ocrx_word' id='word_1_158' title='bbox 442 2267 480 2326; x_wconf 79' lang='lat' dir='ltr'>ut</span> <span class='ocrx_word' id='word_1_159' title='bbox 504 2263 609 2326; x_wconf 89' lang='lat' dir='ltr'>saeuis</span> <span class='ocrx_word' id='word_1_160' title='bbox 634 2262 794 2327; x_wconf 85' lang='lat' dir='ltr'>Gradiuus</span> <span class='ocrx_word' id='word_1_161' title='bbox 817 2262 853 2327; x_wconf 91' lang='lat' dir='ltr'>in</span> <span class='ocrx_word' id='word_1_162' title='bbox 876 2265 983 2330; x_wconf 87' lang='lat' dir='ltr'>armis</span> 
     </span>
    </p>

    <p class='ocr_par' dir='ltr' id='par_1_23' title="bbox 98 2349 953 2435">
     <span class='ocr_line' id='line_1_25' title="bbox 98 2349 953 2435; baseline 0.004 -23"><span class='ocrx_word' id='word_1_163' title='bbox 98 2349 248 2434; x_wconf 77' lang='lat' dir='ltr'>Implerit</span> <span class='ocrx_word' id='word_1_164' title='bbox 272 2350 392 2415; x_wconf 78' lang='lat' dir='ltr'>dicium</span> <span class='ocrx_word' id='word_1_165' title='bbox 415 2351 549 2435; x_wconf 89' lang='lat' dir='ltr'>proprio</span> <span class='ocrx_word' id='word_1_166' title='bbox 574 2351 612 2415; x_wconf 92' lang='lat' dir='ltr'>de</span> <span class='ocrx_word' id='word_1_167' title='bbox 635 2351 766 2416; x_wconf 89' lang='lat' dir='ltr'>nomine</span> <span class='ocrx_word' id='word_1_168' title='bbox 790 2372 953 2433; x_wconf 90' lang='lat' dir='ltr'>campum.</span> 
     </span>
    </p>

    <p class='ocr_par' dir='ltr' id='par_1_24' title="bbox 99 2438 1118 2530">
     <span class='ocr_line' id='line_1_26' title="bbox 99 2438 1118 2530; baseline 0.004 -29"><span class='ocrx_word' id='word_1_169' title='bbox 99 2438 185 2503; x_wconf 89' lang='lat' dir='ltr'>Hinc</span> <span class='ocrx_word' id='word_1_170' title='bbox 208 2438 307 2503; x_wconf 90' lang='lat' dir='ltr'>Ianus</span> <span class='ocrx_word' id='word_1_171' title='bbox 331 2443 442 2504; x_wconf 78' lang='lat' dir='ltr'>monci</span> <span class='ocrx_word' id='word_1_172' title='bbox 465 2461 557 2504; x_wconf 89' lang='lat' dir='ltr'>arma</span> <span class='ocrx_word' id='word_1_173' title='bbox 580 2461 687 2525; x_wconf 92' lang='lat' dir='ltr'>manu,</span> <span class='ocrx_word' id='word_1_174' title='bbox 715 2445 825 2503; x_wconf 77' lang='lat' dir='ltr'>mouet</span> <span class='ocrx_word' id='word_1_175' title='bbox 847 2439 924 2504; x_wconf 89' lang='lat' dir='ltr'>inde</span> <span class='ocrx_word' id='word_1_176' title='bbox 949 2440 1118 2530; x_wconf 75' lang='lat' dir='ltr'>Quirinus,</span> 
     </span>
    </p>

    <p class='ocr_par' dir='ltr' id='par_1_25' title="bbox 100 2526 1118 2617">
     <span class='ocr_line' id='line_1_27' title="bbox 100 2526 1118 2617; baseline 0.001 -26"><span class='ocrx_word' id='word_1_177' title='bbox 100 2526 242 2611; x_wconf 78' lang='lat' dir='ltr'>Quisque</span> <span class='ocrx_word' id='word_1_178' title='bbox 267 2549 325 2592; x_wconf 91' lang='lat' dir='ltr'>suo</span> <span class='ocrx_word' id='word_1_179' title='bbox 350 2527 388 2591; x_wconf 90' lang='lat' dir='ltr'>de</span> <span class='ocrx_word' id='word_1_180' title='bbox 412 2529 495 2592; x_wconf 89' lang='lat' dir='ltr'>colle</span> <span class='ocrx_word' id='word_1_181' title='bbox 519 2528 605 2592; x_wconf 88' lang='lat' dir='ltr'>deus.</span> <span class='ocrx_word' id='word_1_182' title='bbox 634 2528 690 2592; x_wconf 91' lang='lat' dir='ltr'>sed</span> <span class='ocrx_word' id='word_1_183' title='bbox 714 2527 800 2592; x_wconf 90' lang='lat' dir='ltr'>enim</span> <span class='ocrx_word' id='word_1_184' title='bbox 824 2527 947 2613; x_wconf 86' lang='lat' dir='ltr'>aspice,</span> <span class='ocrx_word' id='word_1_185' title='bbox 975 2536 1118 2617; x_wconf 74' lang='lat' dir='ltr'>quantu</span> 
     </span>
    </p>

    <p class='ocr_par' dir='ltr' id='par_1_26' title="bbox 98 2616 1118 2702">
     <span class='ocr_line' id='line_1_28' title="bbox 98 2616 1118 2702; baseline 0 -23"><span class='ocrx_word' id='word_1_186' title='bbox 98 2616 226 2700; x_wconf 85' lang='lat' dir='ltr'>Aegida</span> <span class='ocrx_word' id='word_1_187' title='bbox 249 2620 454 2681; x_wconf 79' lang='lat' dir='ltr'>commoueat</span> <span class='ocrx_word' id='word_1_188' title='bbox 476 2617 605 2682; x_wconf 89' lang='lat' dir='ltr'>nimbos</span> <span class='ocrx_word' id='word_1_189' title='bbox 624 2616 834 2702; x_wconf 88' lang='lat' dir='ltr'>flammasque</span> <span class='ocrx_word' id='word_1_190' title='bbox 852 2623 1051 2687; x_wconf 77' lang='lat' dir='ltr'>uomentem</span> <span class='ocrx_word' id='word_1_191' title='bbox 1063 2636 1118 2691; x_wconf 75' lang='lat' dir='ltr'>‚m</span> 
     </span>
    </p>

    <p class='ocr_par' dir='ltr' id='par_1_27' title="bbox 98 2703 944 2790">
     <span class='ocr_line' id='line_1_29' title="bbox 98 2703 944 2790; baseline 0.004 -22"><span class='ocrx_word' id='word_1_192' title='bbox 98 2703 222 2788; x_wconf 79' lang='lat' dir='ltr'>Iupiter</span> <span class='ocrx_word' id='word_1_193' title='bbox 246 2707 279 2769; x_wconf 76' lang='lat' dir='ltr'>et</span> <span class='ocrx_word' id='word_1_194' title='bbox 303 2705 433 2788; x_wconf 74' lang='lat' dir='ltr'>quantis</span> <span class='ocrx_word' id='word_1_195' title='bbox 456 2708 572 2789; x_wconf 74' lang='lat' dir='ltr'>pascat</span> <span class='ocrx_word' id='word_1_196' title='bbox 595 2704 682 2770; x_wconf 88' lang='lat' dir='ltr'>ferus</span> <span class='ocrx_word' id='word_1_197' title='bbox 706 2704 838 2790; x_wconf 83' lang='lat' dir='ltr'>ignibus</span> <span class='ocrx_word' id='word_1_198' title='bbox 865 2705 944 2771; x_wconf 72' lang='lat' dir='ltr'>iras</span> 
     </span>
    </p>

    <p class='ocr_par' dir='ltr' id='par_1_28' title="bbox 98 2791 1056 2885">
     <span class='ocr_line' id='line_1_30' title="bbox 98 2791 1056 2885; baseline 0.005 -29"><span class='ocrx_word' id='word_1_199' title='bbox 98 2792 173 2858; x_wconf 90' lang='lat' dir='ltr'>Huc</span> <span class='ocrx_word' id='word_1_200' title='bbox 192 2794 303 2858; x_wconf 74' lang='lat' dir='ltr'>nulius</span> <span class='ocrx_word' id='word_1_201' title='bbox 326 2792 419 2858; x_wconf 77' lang='lat' dir='ltr'>flecte</span> <span class='ocrx_word' id='word_1_202' title='bbox 443 2799 539 2878; x_wconf 71' lang='lat' dir='ltr'>atque</span> <span class='ocrx_word' id='word_1_203' title='bbox 563 2793 644 2858; x_wconf 90' lang='lat' dir='ltr'>aude</span> <span class='ocrx_word' id='word_1_204' title='bbox 668 2797 816 2879; x_wconf 78' lang='lat' dir='ltr'>spectare</span> <span class='ocrx_word' id='word_1_205' title='bbox 839 2791 1056 2885; x_wconf 57' lang='lat' dir='ltr'>Tonantem.</span> 
     </span>
    </p>

    <p class='ocr_par' dir='ltr' id='par_1_29' title="bbox 99 2880 1103 2967">
     <span class='ocr_line' id='line_1_31' title="bbox 99 2880 1103 2967; baseline 0.002 -20"><span class='ocrx_word' id='word_1_206' title='bbox 99 2880 186 2957; x_wconf 79' lang='lat' dir='ltr'>Quas</span> <span class='ocrx_word' id='word_1_207' title='bbox 208 2882 342 2966; x_wconf 78' lang='lat' dir='ltr'>hiemes,</span> <span class='ocrx_word' id='word_1_208' title='bbox 366 2885 506 2967; x_wconf 77' lang='lat' dir='ltr'>quanios</span> <span class='ocrx_word' id='word_1_209' title='bbox 530 2903 686 2947; x_wconf 91' lang='lat' dir='ltr'>concusso</span> <span class='ocrx_word' id='word_1_210' title='bbox 710 2883 833 2947; x_wconf 71' lang='lat' dir='ltr'>uertice</span> <span class='ocrx_word' id='word_1_211' title='bbox 856 2882 965 2949; x_wconf 75' lang='lat' dir='ltr'>comis</span> <span class='ocrx_word' id='word_1_212' title='bbox 1092 2904 1103 2935; x_wconf 86' lang='grc'>’-</span> 
     </span>
    </p>

    <p class='ocr_par' dir='ltr' id='par_1_30' title="bbox 100 2968 1113 3057">
     <span class='ocr_line' id='line_1_32' title="bbox 100 2968 1065 3057; baseline 0.001 -22"><span class='ocrx_word' id='word_1_213' title='bbox 100 2969 167 3036; x_wconf 79' lang='lat' dir='ltr'>Sub</span> <span class='ocrx_word' id='word_1_214' title='bbox 189 2975 272 3036; x_wconf 77' lang='lat' dir='ltr'>nutu</span> <span class='ocrx_word' id='word_1_215' title='bbox 296 2970 451 3035; x_wconf 78' lang='lat' dir='ltr'>tonitrus!</span> <span class='ocrx_word' id='word_1_216' title='bbox 477 2971 577 3036; x_wconf 89' lang='lat' dir='ltr'>oculis</span> <span class='ocrx_word' id='word_1_217' title='bbox 601 2972 657 3055; x_wconf 91' lang='lat' dir='ltr'>qui</span> <span class='ocrx_word' id='word_1_218' title='bbox 680 2970 827 3057; x_wconf 78' lang='lat' dir='ltr'>fulgurat</span> <span class='ocrx_word' id='word_1_219' title='bbox 849 2968 954 3057; x_wconf 75' lang='lat' dir='ltr'>ignis!</span> <span class='ocrx_word' id='word_1_220' title='bbox 1051 2976 1065 3053; x_wconf 48' lang='lat'>¹..</span> 
     </span>
    </p>
   </div>
   <div class='ocr_carea' id='block_1_3' title="bbox 100 3232 1116 3588">
    <p class='ocr_par' dir='ltr' id='par_1_31' title="bbox 100 3232 1116 3588">
     <span class='ocr_line' id='line_1_33' title="bbox 172 3232 985 3305; baseline 0.006 -19"><span class='ocrx_word' id='word_1_221' title='bbox 172 3237 225 3286; x_wconf 84' lang='grc'>694</span> <span class='ocrx_word' id='word_1_222' title='bbox 243 3233 390 3305; x_wconf 88' lang='lat' dir='ltr'>umquam]</span> <span class='ocrx_word' id='word_1_223' title='bbox 410 3234 526 3303; x_wconf 89' lang='lat' dir='ltr'>inquam</span> <span class='ocrx_word' id='word_1_224' title='bbox 545 3234 696 3290; x_wconf 67' lang='lat' dir='ltr'>Macarius</span> <span class='ocrx_word' id='word_1_225' title='bbox 769 3232 985 3291; x_wconf 73' lang='lat' dir='ltr'>&#39;103maiomo</span> 
     </span>
     <span class='ocr_line' id='line_1_34' title="bbox 103 3302 1074 3374; baseline 0.007 -17"><span class='ocrx_word' id='word_1_226' title='bbox 103 3309 153 3357; x_wconf 76' lang='grc'>712</span> <span class='ocrx_word' id='word_1_227' title='bbox 173 3302 213 3355; x_wconf 78' lang='lat' dir='ltr'>Ae</span> <span class='ocrx_word' id='word_1_228' title='bbox 230 3303 279 3372; x_wconf 89' lang='lat' dir='ltr'>qui</span> <span class='ocrx_word' id='word_1_229' title='bbox 298 3310 314 3356; x_wconf 76' lang='lat' dir='ltr'>S</span> <span class='ocrx_word' id='word_1_230' title='bbox 390 3311 441 3359; x_wconf 87' lang='grc'>713</span> <span class='ocrx_word' id='word_1_231' title='bbox 460 3303 588 3359; x_wconf 74' lang='lat' dir='ltr'>uiden&#39;r</span> <span class='ocrx_word' id='word_1_232' title='bbox 607 3305 711 3360; x_wconf 83' lang='lat' dir='ltr'>uidetis</span> <span class='ocrx_word' id='word_1_233' title='bbox 729 3311 749 3358; x_wconf 64' lang='grc' dir='ltr'>Ι,</span> <span class='ocrx_word' id='word_1_234' title='bbox 767 3306 867 3360; x_wconf 82' lang='lat' dir='ltr'>uidens</span> <span class='ocrx_word' id='word_1_235' title='bbox 882 3309 927 3359; x_wconf 72' lang='lat' dir='ltr'>ov</span> <span class='ocrx_word' id='word_1_236' title='bbox 944 3306 1048 3374; x_wconf 56' lang='lat' dir='ltr'>(inus</span> <span class='ocrx_word' id='word_1_237' title='bbox 1071 3310 1074 3315; x_wconf 82' lang='lat'>&#39;</span> 
     </span>
     <span class='ocr_line' id='line_1_35' title="bbox 100 3373 1097 3446; baseline 0.007 -18"><span class='ocrx_word' id='word_1_238' title='bbox 100 3390 170 3428; x_wconf 79' lang='lat' dir='ltr'>corr.</span> <span class='ocrx_word' id='word_1_239' title='bbox 189 3375 221 3428; x_wconf 80' lang='lat' dir='ltr'>ia</span> <span class='ocrx_word' id='word_1_240' title='bbox 240 3373 331 3443; x_wconf 75' lang='lat' dir='ltr'>uidet)</span> <span class='ocrx_word' id='word_1_241' title='bbox 382 3381 434 3430; x_wconf 77' lang='grc'>715</span> <span class='ocrx_word' id='word_1_242' title='bbox 453 3375 544 3444; x_wconf 90' lang='lat' dir='ltr'>auide,</span> <span class='ocrx_word' id='word_1_243' title='bbox 563 3381 596 3432; x_wconf 80' lang='lat' dir='ltr'>at</span> <span class='ocrx_word' id='word_1_244' title='bbox 614 3379 683 3432; x_wconf 79' lang='lat' dir='ltr'>coni.</span> <span class='ocrx_word' id='word_1_245' title='bbox 698 3377 877 3446; x_wconf 78' lang='lat' dir='ltr'>Duasqueiua</span> <span class='ocrx_word' id='word_1_246' title='bbox 889 3378 958 3430; x_wconf 71' lang='grc'>107</span> <span class='ocrx_word' id='word_1_247' title='bbox 974 3376 1097 3437; x_wconf 88' lang='grc' dir='ltr'><em>Ν”Μ·.</em></span> 
     </span>
     <span class='ocr_line' id='line_1_36' title="bbox 104 3446 1116 3518; baseline 0.002 -19"><span class='ocrx_word' id='word_1_248' title='bbox 104 3451 155 3500; x_wconf 89' lang='grc'>716</span> <span class='ocrx_word' id='word_1_249' title='bbox 174 3452 309 3500; x_wconf 72' lang='lat' dir='ltr'>saeuus!¹</span> <span class='ocrx_word' id='word_1_250' title='bbox 369 3450 420 3500; x_wconf 93' lang='grc'>717</span> <span class='ocrx_word' id='word_1_251' title='bbox 438 3446 604 3516; x_wconf 78' lang='lat' dir='ltr'>lmplerets</span> <span class='ocrx_word' id='word_1_252' title='bbox 665 3453 715 3503; x_wconf 86' lang='grc'>719</span> <span class='ocrx_word' id='word_1_253' title='bbox 735 3449 856 3518; x_wconf 77' lang='lat' dir='ltr'>quantus</span> <span class='ocrx_word' id='word_1_254' title='bbox 871 3452 909 3501; x_wconf 73' lang='lat' dir='ltr'>ch</span> <span class='ocrx_word' id='word_1_255' title='bbox 964 3448 1116 3509; x_wconf 67' lang='lat' dir='ltr'>mnam·</span> 
     </span>
     <span class='ocr_line' id='line_1_37' title="bbox 100 3516 1061 3588; baseline 0.008 -19"><span class='ocrx_word' id='word_1_256' title='bbox 100 3531 217 3586; x_wconf 86' lang='lat' dir='ltr'>masque</span> <span class='ocrx_word' id='word_1_257' title='bbox 231 3521 255 3569; x_wconf 82' lang='lat' dir='ltr'><strong>V</strong></span> <span class='ocrx_word' id='word_1_258' title='bbox 281 3516 457 3587; x_wconf 89' lang='lat' dir='ltr'>flammisque</span> <span class='ocrx_word' id='word_1_259' title='bbox 474 3523 516 3571; x_wconf 74' lang='lat' dir='ltr'>1AE</span> <span class='ocrx_word' id='word_1_260' title='bbox 534 3517 713 3588; x_wconf 80' lang='lat' dir='ltr'>flaminiaque</span> <span class='ocrx_word' id='word_1_261' title='bbox 732 3524 751 3572; x_wconf 89' lang='lat'>0</span> <span class='ocrx_word' id='word_1_262' title='bbox 770 3551 803 3560; x_wconf 89' lang='lat'><em>-</em></span> <span class='ocrx_word' id='word_1_263' title='bbox 822 3520 997 3577; x_wconf 65' lang='lat' dir='ltr'>mouentem.</span> <span class='ocrx_word' id='word_1_264' title='bbox 1012 3524 1061 3581; x_wconf 70' lang='lat'>0!</span> 
     </span>
    </p>
   </div>
   <div class='ocr_carea' id='block_1_4' title="bbox 0 0 1228 3924">
    <p class='ocr_par' dir='ltr' id='par_1_32' title="bbox 0 0 1228 3924">
     <span class='ocr_line' id='line_1_38' title="bbox 0 0 1228 3924; baseline 0 0"><span class='ocrx_word' id='word_1_265' title='bbox 0 0 1228 3924; x_wconf 95' lang='lat' dir='ltr'> </span> 
     </span>
    </p>
   </div>
  </div>
 </body>
</html>
