2438 3924
96 159 140 224 52
491 157 560 210 SILI
580 156 716 211 ITALICI

96 321 184 387 Nam
207 325 381 406 postquam
405 318 557 383 Oenotris
580 318 729 384 fundauit
752 319 874 384 finibus
899 321 1034 407 urbem,

96 411 206 496 Aeger
229 410 350 493 delicti,
373 406 552 492 Phrygium
574 407 704 491 placare
728 408 863 473 colendo

96 497 228 565 Numen
250 504 283 562 et
306 498 427 562 Iliacos
451 499 547 581 parat
570 518 703 561 exorare
727 502 863 580 penatis.

95 587 215 672 Ingens
239 588 305 651 iam
327 586 488 669 templum
511 585 599 649 celsa
622 585 778 670 surgebat
799 587 834 650 in
857 608 946 670 arce,

96 676 358 741 Laomedonteae
382 674 474 738 sedes
499 675 630 759 ingrata
652 672 831 739 Mineruae:
1086 689 1111 742 5⁶

97 763 180 829 Oum
202 764 327 829 medios
351 763 436 826 inter
460 784 593 827 somnos
617 763 782 846 altamque
805 762 957 848 quietem

96 851 166 917 Nec
190 854 294 917 celata
317 851 462 915 deamat
485 850 642 918 minitans
666 851 813 915 Tritonia
836 851 950 935 uirgo:

93 939 200 1005 “Non
222 940 312 1023 haec,
334 939 467 1022 Tydide,
490 943 603 1003 tantae
626 961 686 1024 pro
709 939 815 1004 laudis
838 940 971 1006 honore

96 1028 209 1112 Digna
230 1050 338 1113 paras,
361 1049 426 1092 non
451 1025 622 1110 Garganus
646 1049 706 1092 nec
728 1028 859 1093 Daunia
881 1029 991 1096 tellus

96 1116 266 1182 Debentur
286 1116 393 1180 nobis.
431 1116 549 1199 quaere
572 1117 605 1180 in
629 1115 846 1181 Laurentibus
870 1119 977 1197 aruis,
1087 1135 1114 1184 eo

98 1205 161 1282 Qui
184 1226 270 1269 nunc
292 1203 399 1289 prima
422 1204 532 1269 locant
555 1204 699 1269 melioris
723 1204 852 1269 moenia
875 1205 1017 1273 Troiae.

96 1292 170 1358 Huc
192 1294 294 1359 uittas
318 1298 506 1377 castumque
530 1293 613 1356 refer
635 1293 800 1376 penetrale
822 1295 1044 1377 parentum.''

97 1380 177 1457 Quis
200 1381 347 1464 trepidus
369 1382 504 1445 monitis
529 1379 682 1446 Saturnia
704 1403 806 1468 regna
828 1384 989 1465 capessit.

96 1470 167 1535 Iam
190 1469 300 1553 Phryx
323 1469 483 1535 condebat
505 1469 643 1533 Lauinia
662 1470 822 1555 Pergama
845 1470 954 1537 uictor

97 1558 263 1643 Armaque
287 1557 441 1623 Laurenti
462 1558 586 1644 figebat
609 1557 707 1623 Troia
729 1559 811 1624 luco.
1089 1577 1118 1628 et

97 1646 221 1722 Uerum
244 1647 301 1712 uhi
324 1646 484 1731 Tyrrheni
506 1650 699 1730 peruentum
722 1648 763 1711 ad
785 1646 931 1711 fluminis
956 1650 1071 1718 undas

95 1734 277 1819 Castraque
301 1736 440 1820 Tydides
463 1736 575 1820 posuit
597 1734 760 1820 fulgentia
782 1736 865 1819 ripa,

97 1824 279 1889 Priamidae
302 1826 499 1889 intremuere
523 1828 621 1889 metu.
656 1828 736 1908 turn,
759 1823 899 1909 pignora
922 1827 1025 1909 pacis

97 1912 317 1978 Praetendens
342 1914 457 1976 dextra
479 1935 603 1977 ramum
628 1913 772 1977 canentis
796 1912 913 1997 oliuae,

54 2039 56 2042 ·
100 1999 153 2066 Sic
178 2023 270 2066 orsus
293 2000 401 2065 Dauni
425 2021 525 2085 gener
548 2001 634 2064 inter
657 2023 824 2066 murmura
847 1999 1035 2070 Teucrum:
1090 2022 1120 2071 tu

102 2088 224 2172 “Pone,
246 2088 452 2171 Anchisiade,
475 2111 635 2153 memores
658 2090 787 2174 irasque
809 2091 1004 2178 metusque3

101 2176 261 2260 Quicquid
283 2176 325 2240 ad
346 2174 461 2240 Idaeos
485 2177 653 2241 Xanthum
678 2177 911 2261 Simoentaque
936 2181 1043 2247 nohis

99 2263 266 2350 Sanguine
290 2264 441 2329 sudatum
462 2263 642 2351 Scaeaeque
666 2267 706 2330 ad
730 2266 844 2330 limina
866 2271 999 2354 portae,

97 2352 196 2417 Haud
218 2357 368 2417 nostrum
392 2357 455 2436 est;
479 2374 574 2439 egere
597 2355 648 2419 dei
672 2355 832 2439 duraeque
856 2375 1003 2423 sorores.

97 2439 194 2507 Nunc
218 2462 288 2526 age,
308 2441 394 2525 quod
413 2445 570 2526 superest,
589 2465 646 2508 cur
663 2466 730 2507 non
749 2442 951 2527 melioribus,
976 2449 1067 2533 aeni,
1090 2463 1120 2516 ro

98 2529 255 2594 Ducimus
280 2530 455 2612 auspiciis?
485 2531 616 2596 dextras
639 2532 811 2616 iungamus
834 2532 982 2599 inermis.

101 2617 265 2701 Foederis,
288 2639 337 2702 en,
360 2618 439 2682 haec
462 2621 557 2683 testis
581 2618 676 2684 erit.''
709 2621 901 2703 ueniamque
925 2629 1089 2706 precatus

99 2705 275 2771 Troianam
293 2709 439 2771 ostentat
461 2708 596 2790 trepidis
620 2709 659 2772 de
682 2730 791 2793 puppe
813 2707 1015 2782 Mineruam.

98 2794 189 2860 Haec
212 2816 309 2860 ausos
332 2791 443 2859 Celtas
466 2795 644 2881 irrumpere
667 2797 796 2861 moenia
818 2796 945 2862 Romae

100 2883 267 2968 Corripuit
288 2883 355 2947 leto
378 2905 481 2968 neque
504 2886 554 2948 tot
578 2884 616 2948 de
640 2885 773 2949 milibus
797 2907 896 2949 unum
1061 2941 1066 2951 .
1089 2907 1120 2957 so

98 2971 245 3058 Ingentis
269 2973 382 3056 populi
400 2973 526 3058 patrias
550 2971 674 3037 dimisit
697 2974 737 3038 ad
761 2971 855 3038 aras?

172 3167 205 3217 51
219 3161 295 3218 Nam
305 3168 363 3216 che
382 3163 437 3217 Sed
447 3164 539 3232 culpo,
550 3165 621 3234 qnod
628 3165 706 3232 prob.
717 3165 914 3220 Drakenborch
956 3173 992 3223 61
1008 3171 1119 3227 meliori

100 3233 236 3289 Heinsius
273 3239 305 3288 62
325 3233 413 3289 uittas
428 3238 590 3303 castumque
604 3241 648 3287 cm
662 3235 717 3305 Ep.
732 3240 769 3290 38
781 3234 871 3290 intras
886 3239 1063 3312 castumque
1079 3248 1118 3298 LV

100 3304 190 3359 intras
218 3306 396 3376 castrumque
414 3310 456 3358 1‘0
582 3312 615 3360 67
638 3306 664 3360 h.
683 3323 711 3362 n.
734 3309 814 3362 aneia
840 3308 957 3364 inclusit
980 3312 1119 3371 Heinsius

101 3380 134 3430 68
153 3373 271 3445 pignore
290 3380 327 3428 ch
389 3380 422 3431 71
441 3375 612 3430 Anchisiade
630 3377 766 3433 Heinsius
825 3383 857 3432 '12
878 3377 1118 3456 simoentaqner

101 3445 354 3514 simeonthaqneL
382 3446 575 3516 simeontaque
594 3452 637 3500 ov
742 3455 774 3503 76
795 3448 916 3505 inermes
935 3457 983 3508 Gn
1002 3456 1062 3529 Ep.
1082 3462 1117 3514 62

103 3522 136 3572 78
154 3517 282 3588 trepidus
301 3522 338 3570 cu
409 3523 441 3572 81
462 3535 526 3573 aras
545 3525 581 3571 (th
1089 3559 1094 3567 .
