2438 3924
135 151 199 216 158
533 148 603 223 sur
620 148 753 204 rrmrcr

133 313 281 396 Ancipiti
304 311 412 378 senior
434 310 608 376 temeraria
631 315 746 395 coepta
768 311 929 376 uetabant

133 400 336 486 Magnosque
358 400 536 464 horrebant
559 402 654 464 cauta
676 398 849 463 formidine
873 420 983 468 casus.

175 488 277 574 Ergo,
300 489 356 554 ubi
379 488 487 553 delato
511 489 623 553 consul
647 487 797 552 sublimis
820 487 950 554 honore
1008 560 1013 567 ,
1105 507 1150 557 600

132 577 184 641 Ad
205 582 315 661 patres
338 576 487 642 consulta
509 575 619 659 refert,
642 575 798 660 deturque
821 579 986 663 potestas,

131 664 220 748 Orat,
244 665 397 730 delendae
421 663 638 750 Carthaginis,
662 664 761 728 altius
785 685 879 729 orsus

130 753 202 818 Hoc
225 754 411 838 grandaeua
434 752 529 817 modo
552 751 675 817 Fabius
698 754 792 834 pater
815 773 873 817 ora
895 755 1059 821 resoluit:

130 841 242 906 ‘Haud
266 842 413 925 equidem
436 841 589 905 metuisse
613 861 739 924 queam,
761 840 901 906 satiatus
926 846 963 906 ct
986 845 1069 909 aeui

130 929 175 993 Et
198 929 330 1013 decoris,
353 929 405 994 cui
427 932 497 993 tam
521 933 670 1013 superest
692 932 725 993 et
749 928 855 1014 gloria
878 931 912 992 et
937 935 1049 1015 aetas,
1101 948 1147 999 606

131 1016 181 1082 Ν6
206 1018 316 1082 credat
338 1039 398 1082 nos
422 1017 562 1081 inuidiae
585 1017 760 1082 certamine
783 1016 896 1081 consul

129 1105 296 1170 Laudibus
320 1105 503 1170 obtrectare
527 1104 603 1171 suis.
641 1104 721 1169 satis
745 1105 857 1169 inolita
879 1125 1007 1171 nomen

129 1191 245 1257 Gestat
267 1192 356 1258 fama
379 1215 496 1276 meum,
518 1215 578 1258 nec
601 1197 699 1277 egent
720 1196 790 1257 tam
813 1214 973 1278 prospera
998 1196 1101 1263 laude

129 1280 229 1346 Facta
250 1303 349 1366 noua,
372 1303 486 1345 uerum
510 1288 542 1345 et
564 1281 699 1366 patriae,
723 1281 798 1345 dum
822 1281 893 1346 uita
915 1284 1083 1370 manebit,

129 1369 249 1434 Deesse
272 1368 363 1433 nefas
388 1369 594 1453 animumque
618 1369 710 1434 nefas
734 1370 892 1434 scelerare
915 1369 1063 1439 silendo.
1100 1391 1148 1440 610

129 1454 224 1522 Bella
246 1479 331 1522 noua
354 1458 388 1521 in
411 1456 535 1542 Libyae
558 1457 684 1522 moliris
707 1457 823 1522 ducere
846 1458 978 1524 terras?

127 1544 242 1610 Hostis
266 1547 353 1611 enim
377 1546 467 1611 deest
489 1545 668 1631 Ausoniae3
690 1567 750 1610 neo
772 1546 902 1611 uincere
926 1547 1031 1614 nobis

127 1631 190 1698 Est
212 1634 293 1699 satis
316 1634 544 1699 Hannibalem.
580 1633 704 1718 petitur
728 1656 809 1718 quae
832 1633 942 1720 gloria
966 1638 1081 1704 maior

127 1720 239 1787 Litore
262 1721 434 1788 Elissaeo?
458 1722 584 1786 stimuli
607 1723 634 1786 si
658 1722 764 1787 laudis
788 1726 889 1807 agunt
910 1743 983 1809 nos,

126 1809 221 1875 Hanc
245 1814 390 1896 segetem
412 1814 507 1874 mete.
544 1810 727 1894 composuit
749 1808 958 1894 propioribus
983 1815 1079 1881 ausis
1098 1831 1147 1881 616

128 1898 272 1983 Dignum
295 1903 329 1963 te
348 1898 496 1965 Fortuna
519 1919 639 1981 parem.
676 1898 748 1962 uult
770 1898 856 1964 Itala
877 1897 978 1964 tellus

128 1985 283 2052 Ductoris
308 1988 406 2069 saeui,
429 1989 500 2051 uult
523 1987 664 2070 tandem,
686 1986 817 2051 haurire
840 2007 1000 2055 cruorem.

127 2072 345 2149 Qquartem
353 2079 409 2140 aut
418 2096 481 2158 quo
491 2074 718 2160 signatrahis‘?
727 2075 927 2160 restinguere
938 2076 1092 2159 primum
1098 2084 1147 2147 est

116 2162 306 2243 ⁸Ardentem
329 2163 468 2227 Italiam.
505 2166 542 2227 tu
564 2162 669 2227 fessos
694 2163 785 2228 auius
809 2162 915 2228 hostis

126 2250 258 2315 Deseris
282 2272 319 2315 66
342 2255 468 2333 septem
491 2250 633 2316 denudas
656 2251 802 2334 proditor
826 2272 923 2316 arces.
1094 2272 1144 2324 660

125 2337 188 2423 An,
211 2360 284 2402 oum
307 2341 344 2402 tu
368 2336 489 2423 Syrtim
513 2361 551 2404 ac
574 2339 696 2404 sterilis
720 2339 868 2404 uastabis
890 2340 1048 2427 harenas,

125 2424 203 2490 Non
226 2427 297 2491 dira
319 2427 378 2491 illa
402 2427 471 2491 lues
494 2426 582 2491 notis
606 2427 672 2491 iam
695 2428 866 2498 moenibus
884 2427 977 2492 urbis

125 2513 285 2579 Assiliet‘?
307 2536 508 2600 uacuumque
531 2514 645 2579 Iouem
668 2515 738 2580 sine
760 2516 856 2601 pube,
879 2516 949 2579 sine
974 2520 1082 2584 armis

126 2602 286 2668 Inuadet?
310 2603 434 2688 quanti,
456 2606 493 2667 ut
515 2603 610 2667 cedas
633 2602 835 2687 Romamque
858 2603 1040 2688 relinquas,

124 2690 266 2756 Emeritl
290 2728 334 2737 —
357 2697 390 2756 et
412 2695 504 2755 tanto
521 2690 673 2773 percussi
695 2690 832 2756 fulmine
854 2690 935 2755 belli
1090 2711 1140 2761 620

195 2939 246 2991 603
265 2934 389 2989 resoluet
407 2940 436 3001 6,
454 2934 501 2989 sed
519 2935 551 2989 tn
568 2939 588 2986 1²
617 2933 626 2987 i
644 2949 781 3002 suprascr.
877 2939 930 2990 604
948 2935 1077 2992 sociatus
1095 2942 1137 2992 00

123 3008 175 3061 606
193 3005 265 3076 tam]
285 3004 344 3058 iam
362 3005 496 3060 Heinsius
555 3010 606 3060 600
625 3003 724 3060 inolita
739 3011 781 3058 00
799 3003 891 3060 indita
904 3010 945 3057 10
962 3007 1012 3074 (cf.
1027 3024 1058 3064 66.
1071 3012 1138 3077 467)

123 3080 175 3130 610
194 3075 281 3130 Ι)6666
299 3080 364 3128 000
468 3080 519 3131 612
538 3076 601 3129 dest
618 3080 662 3128 00
681 3106 716 3116 -
735 3076 868 3131 ausonias
885 3079 909 3128 0
936 3082 1059 3133 ausonia
1074 3082 1136 3133 m

123 3150 175 3200 614
193 3146 517 3202 uosScbrodsretBlass
562 3149 613 3202 616
633 3145 721 3230 ausis]
739 3164 809 3203 ausu
822 3147 914 3203 Bortb
932 3146 988 3203 oris
997 3147 1136 3206 Schrader

122 3221 174 3270 619
194 3217 283 3283 auius,
301 3223 334 3271 at
351 3219 421 3272 corti.
436 3217 631 3284 Heinsiusss'
650 3218 750 3272 obuius
762 3222 806 3272 00
821 3219 900 3271 -tu
917 3215 1019 3286 fessos,
1036 3221 1136 3276 obuius

121 3285 205 3354 hosti,
224 3287 335 3343 Deseris
353 3288 489 3356 Lefebwre
566 3292 615 3344 621
636 3289 681 3359 66]
701 3290 770 3344 etv
790 3320 824 3330 -
842 3287 983 3361 uastabis]
1001 3290 1135 3347 lustrabis

121 3374 177 3412 van
209 3359 281 3414 Voces
406 3365 458 3414 622
491 3361 575 3415 notae
608 3359 743 3416 Heinsius
872 3363 925 3413 624
958 3360 1061 3415 credas
1094 3365 1135 3415 00

122 3432 182 3484 624.
202 3435 253 3484 626
272 3429 371 3498 quanti
389 3433 441 3499 est,
459 3433 491 3486 ut
509 3446 557 3485 eas
571 3428 604 3484 R.
619 3447 640 3486 r.
654 3429 796 3486 Emerito?
814 3447 848 3486 ao
861 3427 936 3485 tanti
948 3428 1135 3489 Effluit·

109 3505 139 3554 et
157 3501 344 3576 Bausqmius
376 3499 478 3572 quanti
505 3502 563 3571 ost,
593 3501 678 3557 cedas
698 3501 738 3556 0,,
758 3498 948 3557 6066661062
977 3500 1028 3557 ab!
1059 3500 1139 3559 tanti
