2438 3924
148 180 191 246 70
547 179 616 235 sm
633 178 768 235 lTALICl

147 344 333 429 Limosique
356 345 461 429 lacus,
483 344 575 428 large
600 342 837 408 exundantibus
860 343 926 406 urit

146 433 250 518 Ripas
275 455 391 499 saeuus
415 432 508 516 aquis
530 431 737 516 Phlegethon
760 435 802 516 et,
824 431 955 496 turbine
979 431 1098 497 anhelo

145 519 368 587 Flammarum
390 542 556 605 resonans,
579 542 696 586 saxosa
717 519 866 584 ineundis
888 523 1029 604 torquet.
1105 537 1159 586 565

145 610 245 675 Parte
269 611 335 674 alia
357 615 484 675 torrens
508 608 646 692 Cocytos
671 607 841 692 sanguinis
865 609 930 673 atri

145 698 331 764 Uerticibus
354 697 435 763 furit
459 703 491 762 et
514 697 680 781 spumanti
703 697 834 782 gurgite
855 695 969 763 fertur.

145 785 201 871 At,
226 788 354 872 magnis
373 808 500 869 semper
523 785 606 851 diuis
629 786 763 870 regique
786 786 921 850 deorum

145 874 251 940 Iurari
274 876 410 961 dignata
433 875 535 959 palus,
558 874 639 958 picis
663 873 796 938 horrida
817 873 898 958 riuo,

143 961 346 1028 Fumiferum
368 962 475 1027 uoluit
498 959 580 1046 Styx
602 962 688 1051 inter
712 961 868 1044 sulphura
890 963 1016 1027 limum.
1103 978 1157 1029 570

143 1051 283 1116 Tristior
306 1051 356 1116 his
380 1051 532 1116 Acheron
555 1050 644 1115 sanie
668 1071 841 1133 crassoque
864 1072 989 1116 ueneno

145 1140 284 1204 Aestuat
308 1144 350 1219 et,
373 1140 516 1224 gelidam
538 1143 687 1204 eructans
711 1160 784 1203 cum
804 1161 967 1203 murmure
990 1138 1157 1225 harenam,

143 1227 318 1294 Descendit
339 1229 436 1313 nigra
460 1229 568 1293 lentus
590 1249 649 1311 per
673 1231 791 1312 stagna
813 1227 940 1311 palude.

144 1316 239 1382 Hauc
261 1320 356 1402 potat
379 1317 503 1382 saniem
525 1338 591 1382 non
615 1338 679 1381 uno
701 1314 861 1382 Cerberus
885 1338 949 1382 ore.
1064 1396 1067 1403 ⁴

143 1403 235 1469 Haec
259 1409 293 1470 et
311 1405 507 1489 Tisiphones
531 1408 607 1470 suut
630 1406 756 1490 pocula,
780 1409 813 1469 et
836 1409 907 1469 atra
924 1405 1079 1491 Megaera
1102 1422 1155 1473 575

143 1492 237 1558 Hauc
261 1494 341 1578 sitit,
365 1516 403 1559 ac
425 1495 517 1559 nullo
540 1493 648 1559 rabies
672 1494 887 1579 restinguitur
911 1494 1042 1559 haustu.

143 1580 288 1647 Ultimus
312 1584 452 1667 erumpit
475 1584 682 1648 lacrimarum
705 1582 852 1647 fontibus
877 1582 981 1647 amnis

143 1669 230 1736 Ante
254 1672 363 1736 aulam
386 1676 484 1755 atque
508 1671 615 1736 aditus
639 1674 672 1735 et
694 1670 893 1737 inexorabile
916 1671 1028 1736 limen.

189 1760 318 1836 Quanta
340 1760 468 1841 cohors,
490 1761 580 1826 omni
603 1761 787 1825 stabulante
809 1781 868 1844 per
892 1761 976 1825 atria
994 1764 1157 1847 monstro,

141 1846 292 1915 Excubat
314 1852 347 1912 et
370 1849 475 1913 manis
498 1849 659 1932 permixto
684 1870 847 1913 murmure
870 1851 984 1913 terret!
1100 1867 1153 1917 580

142 1934 263 2002 Luctus
288 1937 368 2001 edax
390 1937 584 2020 Maciesque,
608 1937 703 2001 malis
727 1958 835 2002 comes
859 1937 970 2002 addita
992 1939 1128 2025 morbis,

142 2023 188 2088 Et
209 2024 339 2089 Maeror
362 2028 476 2109 pastus
499 2024 598 2090 Fletu
620 2030 654 2090 et
677 2025 746 2089 sine
770 2025 929 2109 sanguine
951 2025 1063 2092 Pallor

143 2111 310 2196 Curaeque
328 2112 531 2196 Insidiaeque
555 2117 654 2197 atque
678 2112 753 2176 hino
772 2113 973 2196 queribunda
990 2112 1156 2202 Senectus,

141 2199 227 2265 Hinc
250 2221 373 2284 angens
396 2204 534 2283 utraque
558 2223 657 2265 mauu
681 2222 740 2265 sua
763 2204 897 2284 guttura
919 2200 1020 2267 Liuor

141 2288 197 2371 Et,
219 2287 363 2353 deforme
386 2289 510 2353 malum
534 2311 572 2353 ao
595 2288 712 2353 sceleri
733 2289 897 2373 procliuia,
919 2289 1061 2376 Egestas
1101 2310 1155 2360 585

141 2376 307 2460 Errorque
330 2376 430 2442 infido
454 2398 569 2461 gressu
592 2381 625 2442 et
647 2375 817 2442 Discordia
840 2378 984 2463 gaudens

141 2463 339 2531 Permiscere
361 2465 482 2530 fretum
505 2466 609 2549 caelo;
632 2465 722 2530 sedet
744 2467 830 2530 ostia
849 2465 937 2530 Ditis

143 2551 295 2619 Centenis
319 2558 429 2619 suetus
453 2553 605 2618 Briareus
628 2554 791 2619 recludere
813 2555 933 2639 palmis

140 2640 187 2707 Et
211 2640 348 2727 Sphinx,
369 2642 536 2728 uirgineos
559 2643 661 2708 rictus
684 2642 805 2707 infecta
829 2665 950 2727 cruore,

142 2728 314 2815 Scyllaque
328 2730 545 2817 Centaurique
559 2736 666 2797 truces
681 2733 880 2815 umbraeque
890 2731 1078 2816 Gigantum.
1100 2752 1154 2801 500

143 2816 303 2885 Cerberus
325 2819 380 2886 hic
402 2823 509 2905 ruptis
527 2823 683 2906 peragrat
707 2842 781 2884 eum
803 2819 942 2885 Tartara
965 2820 1091 2906 uinclis,

214 3052 265 3102 568
289 3046 369 3118 large
393 3050 422 3103 et
445 3046 650 3102 exundantibus
668 3050 733 3100 mv
764 3045 844 3115 large
867 3063 903 3101 ex
922 3047 1063 3102 exundr
1094 3049 1154 3104 late

142 3117 242 3172 exaud.
261 3119 346 3189 00790
452 3123 504 3173 568
522 3118 561 3172 At
584 3122 627 3171 ov
659 3117 700 3171 Ao
726 3123 768 3170 1AE
876 3123 928 3174 569
952 3117 1036 3190 picis]
1059 3117 1110 3188 piu
1133 3127 1154 3174 1.

142 3191 194 3242 672
214 3186 335 3243 calidam
354 3189 489 3246 Schrader
560 3194 613 3245 578
631 3187 716 3258 pigra
734 3188 871 3244 Schrader
938 3191 1155 3258 stuperatem

140 3258 198 3328 Ep.
213 3262 250 3314 78
341 3265 392 3315 576
411 3261 491 3315 Hanc
509 3261 594 3316 Blass
611 3259 685 3314 Hinc
704 3260 780 3314 cml,
795 3260 812 3314 l.
828 3265 845 3312 8
860 3260 1091 3330 -restinguitur
1110 3268 1156 3317 cm

143 3330 161 3384 l.
177 3330 194 3384 l.
208 3335 250 3383 1AE
278 3329 452 3400 extinguitur
471 3335 514 3384 ov
600 3335 652 3386 578
672 3329 783 3397 Quanta
801 3334 839 3383 ch
857 3362 890 3370 —
910 3329 984 3386 atria
1001 3337 1060 3384 055
1088 3334 1155 3388 auia

141 3401 226 3469 00100
307 3406 359 3456 585
379 3404 527 3457 senecteI.
610 3407 662 3457 585
681 3419 715 3457 ac
733 3402 877 3457 delendam
894 3407 982 3458 censet
999 3403 1045 3459 He
1064 3421 1098 3458 rac
1116 3406 1156 3460 ad

146 3471 225 3542 Verp.
241 3472 291 3526 Ac.
312 3472 363 3527 VI.
377 3475 436 3528 276
471 3478 524 3530 587
544 3472 632 3541 sedat,
645 3478 762 3529 alconi.
777 3473 926 3529 Idaiaeiua
939 3479 980 3525 LE
1003 3488 1033 3528 00
1067 3476 1096 3530 ct
1111 3481 1156 3529 0V

140 3547 194 3597 588
214 3543 321 3615 suetus]
342 3561 426 3598 ausus
441 3544 578 3601 Schrader
627 3549 680 3599 590
699 3542 868 3614 Cyllaquel.
