2438 3924
407 162 625 220 PUNICORUM
639 163 747 218 LIBER
765 163 825 220 XV.
1060 165 1123 229 115
1193 225 1196 229 .

153 326 246 391 Talia
267 326 476 391 monstrabat
498 327 628 412 genitor
650 326 850 411 propiusque
873 327 1036 411 monebat,
1073 343 1125 393 200

107 413 189 480 Cum
213 416 362 481 iuuenem
386 436 486 498 sopor
508 418 541 479 et
564 414 693 498 dilapsa
714 415 849 500 reliquit
871 415 991 500 imago.

108 501 220 589 Surgit
242 507 275 568 et
297 503 432 569 infernis
456 503 641 568 habitantia
663 503 797 568 numina
825 503 908 568 lucis

108 592 156 658 Ao
179 592 314 677 supplex
336 593 462 676 patrios
486 592 663 676 compellat
685 592 816 657 nomine
839 592 961 657 manis:

107 680 203 746 ‘Este
228 681 323 746 duces
348 681 433 747 bello
457 684 491 746 et
513 684 731 745 monstratam
754 680 862 746 ducite
886 681 927 745 ad
950 681 1079 766 urbem3

106 769 210 835 Uobis
233 770 321 835 ultor
344 789 405 855 ego
429 773 472 852 et,
495 768 636 834 Sarrano
659 769 783 835 murice
806 769 945 854 fulgens,
1071 785 1124 835 aco

104 856 245 922 Inferias
268 858 398 922 mittam
420 857 503 923 fusis
526 857 666 944 insignis
689 857 823 924 Hiberis
1146 882 1150 891 ·

104 945 150 1010 Et
172 947 310 1012 tumulis
334 945 453 1012 addam
476 968 587 1012 sacros
611 946 789 1012 certamine
812 945 928 1012 ludos.'

105 1035 339 1121 Praegreditur
362 1036 545 1118 celeratque
568 1035 641 1101 uias
665 1039 698 1099 et
721 1035 857 1118 corripit
880 1055 998 1121 agmen

106 1122 236 1188 Pernici
259 1124 410 1207 rapidum
433 1145 530 1189 cursu
552 1145 749 1209 camposque
771 1124 901 1208 fatigat.

106 1209 170 1295 Sic,
192 1212 250 1277 ubi
273 1212 426 1296 prosiluit
448 1212 565 1277 Pisaeo
589 1233 717 1276 carcere
740 1234 904 1296 praeceps,
1070 1227 1123 1276 aro

104 1300 182 1364 Non
205 1300 311 1366 solum
332 1305 410 1365 'ante
434 1300 526 1383 alios,
550 1301 704 1384 sedenim,
726 1301 876 1366 mirabile
900 1300 998 1383 dictu,
1090 1339 1092 1346 ·

107 1389 193 1453 Ante
218 1410 294 1454 suos
317 1389 345 1452 it
368 1389 475 1454 uictor
497 1410 610 1473 equus,
634 1410 827 1473 currumque
849 1410 908 1472 per
930 1410 1025 1453 auras

106 1475 205 1542 Haud
228 1477 288 1541 ulli
312 1477 431 1542 durant
453 1477 544 1542 uisus
568 1498 706 1561 aequare
733 1477 910 1543 uolantem.
1006 1529 1011 1538 .

149 1564 282 1649 Iamque
305 1565 509 1650 Hyperionia
531 1567 586 1630 lux
610 1565 751 1649 septima
774 1563 925 1649 lampade
944 1585 1081 1650 surgens

90 1651 233 1718 sensim
258 1654 433 1718 attollebat
456 1655 591 1738 propius
616 1651 831 1717 subeuntibus
855 1673 945 1717 arces
1071 1669 1122 1718 215

105 1739 215 1826 Urbis,
239 1747 271 1806 et
294 1743 425 1808 admoto
450 1743 638 1807 crescebant
661 1741 804 1805 culmina
826 1761 949 1826 gressu.

103 1827 155 1895 Ac
179 1830 298 1915 pelago
321 1834 434 1895 uectus
459 1834 590 1894 seruata
612 1828 744 1894 Laelius
768 1835 855 1908 hora,

105 1917 211 1993 Quam
235 1919 366 1983 dederat
389 1918 506 1983 ductor
529 1919 726 2003 subigendae
751 1918 792 1982 ad
815 1916 945 1982 moenia
970 1917 1075 2000 classi,

103 2006 135 2071 Α
159 2011 252 2092 tergo
277 2007 390 2072 affusis
413 2006 565 2092 cingebat
588 2011 675 2072 tecta
698 2007 828 2071 carinis.

104 2093 282 2181 Carthago,
304 2096 452 2178 impenso
475 2098 611 2160 naturae
636 2095 747 2160 adiuta
770 2095 892 2180 fauore,
1066 2110 1119 2160 220

102 2184 260 2249 Excelsos
283 2184 374 2249 tollit
391 2185 511 2268 pelago
535 2183 722 2249 circumflua
745 2205 865 2249 muros.

103 2274 239 2338 Artatas
263 2274 357 2356 ponti
379 2273 489 2339 fauces
513 2273 641 2338 modica
659 2272 767 2337 insula
791 2272 923 2350 claudit,

104 2360 175 2436 Qua
198 2361 298 2426 Titan
320 2366 395 2427 ortu
417 2367 522 2426 terras
546 2361 690 2447 aspergit
713 2361 792 2426 Eoo.

104 2449 156 2533 At,
179 2472 243 2534 qua
265 2453 454 2533 prospectat
476 2449 602 2514 Phoebi
624 2449 702 2535 iuga
726 2471 799 2514 sera
821 2449 976 2534 cadentis,

102 2537 235 2622 Pigram
259 2538 294 2601 in
315 2538 490 2622 planiciem
515 2539 700 2624 stagnantis
724 2538 829 2623 egerit
852 2538 964 2620 undas,
1065 2553 1118 2602 aaa

103 2625 189 2701 Quas
214 2630 312 2711 auget
335 2627 467 2691 ueniens
491 2626 674 2710 refluusque
697 2629 879 2711 reciprocat
903 2630 1022 2689 aestus.

103 2712 166 2779 Sed
190 2714 313 2801 gelidas
337 2738 356 2780 a
379 2716 487 2779 fronte
510 2715 601 2780 sedet
624 2714 775 2779 sublimis
801 2715 840 2778 ad
863 2714 982 2778 Arctos

101 2802 189 2868 Urbs
212 2803 355 2887 imposta
377 2804 455 2889 iugo
479 2825 680 2887 pronumque
704 2803 847 2867 excurrit
870 2804 905 2865 in
929 2823 1051 2884 aequor

100 2891 147 2956 Et
170 2895 243 2956 tuta
266 2895 396 2958 aeterno
422 2891 566 2957 defendit
588 2892 718 2956 moenia
740 2891 851 2954 fluctu.

172 3106 225 3155 202
244 3100 359 3156 inferius
378 3106 398 3153 1.
418 3131 451 3140 -
470 3100 579 3155 lumina
597 3108 616 3151 1.
719 3107 771 3153 203
791 3099 828 3152 At
847 3106 866 3149 1.
885 3129 919 3136 -
938 3098 1053 3150 numine
1073 3105 1115 3149 LV

99 3171 254 3227 minime!¹
277 3171 393 3227 numina
412 3176 431 3224 0
504 3177 555 3226 207
576 3188 677 3238 sacros,
696 3171 860 3238 certamina,
879 3169 959 3222 ludos
980 3171 1116 3234 chcburc

99 3248 152 3298 208
171 3242 369 3312 Praegreditur
388 3248 424 3295 ch
446 3241 665 3310 Progrediturs
703 3247 754 3295 212
774 3240 950 3308 currumque]
971 3241 1115 3307 curritque

98 3315 462 3384 ed.Bosit1522aiiaeguc
497 3319 550 3368 215
566 3311 708 3381 propiusl.
727 3312 856 3380 proprius
867 3316 931 3362 Fov
975 3316 1025 3364 217
1043 3314 1080 3363 nt
1091 3318 1113 3360 v

99 3415 132 3425 -
157 3385 291 3440 aduectus
318 3385 362 3439 uei
387 3383 516 3438 inuectus
543 3384 678 3438 Heinsius
793 3388 844 3436 222
873 3383 965 3452 ponti]
989 3381 1071 3450 ponit
1099 3389 1113 3431 s

98 3461 152 3510 224
170 3457 353 3524 prospectant
371 3455 459 3510 Bothe
537 3459 590 3509 228
608 3452 742 3523 imposita
762 3459 804 3505 ov
910 3459 961 3506 229
981 3453 1114 3521 aeterno]

99 3527 190 3581 Etneo
214 3525 387 3582 cd.1iom.1
416 3526 525 3579 alterno
546 3525 656 3580 Gronov
679 3530 705 3579 et
728 3524 863 3579 Heinsius
888 3523 1137 3698 ww

864 3615 879 3662 8
886 3610 902 3644 ΙΙ
