2438 3924
397 177 612 235 PUNICORUM
630 177 738 234 traua
755 178 829 236 XVI.
1049 179 1114 245 155

101 339 258 405 Aduocat.
297 344 478 425 aequantur
501 362 622 424 cursus,
644 342 830 426 pariterque
853 341 1000 407 ruebant.

100 428 144 493 Et
166 428 277 494 forsan
301 430 431 515 gemina
454 429 650 495 meruissent
672 430 818 512 praemia
840 430 960 513 palma,

99 517 248 581 Peruecti
272 518 368 582 simul
393 518 434 583 ad
456 521 569 600 metas,
591 518 635 602 ni,
657 522 752 603 terga
776 522 905 583 secutus

98 605 266 688 Theronis,
289 605 396 671 fusam
419 607 486 671 late
508 627 567 689 per
590 606 695 670 lactea
722 607 807 671 colla

98 692 262 778 Hesperos
285 694 412 778 ingenti
434 695 591 759 tenuisset
614 716 730 759 saeuus
754 696 795 760 ab
818 695 869 759 ira
988 722 992 730 ·
1060 708 1113 760 520

99 781 328 867 Traxissetque
352 804 488 848 comam.
519 781 650 847 tardato
673 783 779 847 laetus
803 804 969 868 ouansque

99 869 243 953 Eurytus
267 870 376 934 euadit
397 871 513 935 iuuene
537 874 633 954 atque
657 870 698 935 ad
720 873 863 953 praemia
886 873 992 936 uictor

99 958 229 1023 Emicat
252 961 285 1022 et
308 959 420 1042 galeae
443 959 507 1022 fert
531 959 651 1024 donum
674 959 803 1044 insigne
826 981 988 1024 coruscae.

101 1044 217 1111 Cetera
239 1047 401 1131 promisso
425 1047 544 1112 donata
567 1051 617 1112 est
639 1069 772 1112 munere
795 1048 897 1133 pubes

99 1133 316 1218 Intonsasque
339 1157 448 1200 comas
471 1135 567 1199 uiridi
590 1136 741 1200 redimita
764 1157 882 1201 corona
1057 1149 1109 1200 525

99 1220 184 1287 Bina
208 1224 284 1287 tulit
307 1224 415 1307 patrio
440 1225 590 1308 quatiens
614 1223 749 1288 hastilia
771 1222 868 1288 ferro.

144 1311 228 1376 Hinc
252 1313 404 1395 grauiora
427 1312 533 1376 uirum
556 1313 745 1396 certamina,
768 1311 947 1376 comminus
971 1311 1058 1376 ensis

99 1398 283 1464 Destrictus
307 1399 448 1483 bellique
470 1398 531 1464 feri
555 1400 727 1464 simulacra
750 1400 885 1464 cientur.

99 1486 179 1570 Nec,
203 1510 283 1572 quos
308 1488 403 1571 culpa
425 1487 511 1572 tulit,
534 1509 614 1572 quos
638 1488 774 1552 crimina
796 1489 895 1552 noxia
917 1488 1014 1571 uitae,

99 1573 163 1639 Sed
185 1577 288 1641 uirtus
312 1576 506 1660 animusque
525 1574 617 1640 ferox
641 1575 682 1640 ad
705 1574 809 1640 laudis
834 1596 985 1658 amorem,
1057 1592 1110 1642 530

101 1663 145 1726 Hi
169 1685 297 1729 creuere
320 1685 413 1748 pares
436 1663 536 1748 ferr03
561 1664 745 1748 spectacula
768 1663 866 1748 digna

99 1750 284 1837 Martigena
307 1752 408 1837 uulgo
433 1752 580 1835 suetique
603 1751 726 1815 laboris
749 1751 867 1835 imago.

99 1839 170 1904 Hos
193 1840 280 1904 inter
303 1840 478 1924 gemini-
499 1838 577 1923 quid
599 1840 664 1904 iam
686 1861 752 1904 non
775 1839 905 1922 regibus
930 1838 1066 1902 ausum?

100 1927 169 1990 Aut
192 1927 365 2010 quodiam
388 1927 481 2012 regni
505 1931 608 1993 restat
631 1927 757 1992 scelus?
774 1926 930 2010 -impia
954 1927 1038 1991 circo

99 2015 273 2080 Innumero
296 2015 426 2099 fratres,
449 2037 548 2082 cauea
572 2016 745 2080 damnante
767 2015 919 2097 furorem,
1058 2030 1110 2080 535

100 2102 165 2169 Pro
190 2108 318 2188 sceptro
344 2104 477 2170 armatis
500 2105 643 2169 inierunt
665 2104 788 2187 proelia
811 2103 941 2167 dextris.

100 2192 133 2256 Is
157 2193 249 2276 genti
271 2214 342 2258 mos
367 2193 456 2257 dirus
481 2197 563 2278 erat3
586 2194 791 2276 patriumque
814 2191 971 2276 petebant

102 2278 217 2346 Orbati
241 2281 358 2347 solium
383 2281 465 2346 lucis
489 2279 673 2346 discrimine
696 2280 825 2345 fratres.
882 2328 885 2330 ψ

100 2366 297 2434 Concurrere
321 2369 447 2453 animis,
470 2363 601 2453 quantis
625 2368 798 2454 confligere
819 2390 879 2452 par
903 2371 961 2451 est,

100 2455 188 2531 Quos
211 2459 303 2542 regni
321 2457 412 2523 furor
436 2458 592 2543 exagitat3
615 2458 782 2542 multoque
806 2478 919 2522 cruore
1059 2470 1128 2523 tao-

99 2544 273 2611 Exsatiata
297 2547 393 2611 simul
416 2550 585 2630 portantes
608 2545 707 2611 corda
730 2544 791 2609 sub
815 2544 948 2609 umbras

101 2631 295 2698 Occubuere.
333 2634 404 2717 pari
426 2635 500 2699 nisu
522 2657 580 2719 per
602 2637 735 2717 pectora
760 2633 892 2698 adactus

100 2721 220 2785 Intima
242 2722 406 2787 deseendit
429 2745 552 2806 mucr03
578 2720 787 2805 superaddita
811 2720 915 2784 saenis

100 2809 226 2874 Ultima
249 2811 436 2876 uulneribus
460 2813 575 2895 uerba3
598 2814 641 2893 et,
664 2808 811 2874 conuicia
833 2808 978 2892 uoluens,
1083 2808 1087 2817 '

172 3041 224 3090 516
243 3037 380 3105 aequatur
398 3035 512 3090 Marcus
530 3036 633 3104 aliique
701 3038 753 3088 518
776 3032 819 3104 ni]
838 3034 868 3087 in
886 3040 915 3100 5,
934 3033 981 3088 sed
998 3034 1031 3088 tn
1047 3032 1090 3087 1'

101 3125 135 3163 m.
150 3113 170 3163 2
188 3123 326 3177 suprascr.
409 3110 459 3160 513
478 3106 567 3160 lateo
587 3105 635 3173 (cf.
650 3105 716 3160 XV.
733 3107 801 3170 788)
883 3109 934 3158 522
954 3103 1075 3173 Eurytus

101 3185 127 3234 et
144 3184 164 3231 1²
183 3194 216 3233 ex
230 3194 298 3234 corr.
319 3177 432 3232 Euritus
443 3181 486 3228 ov
496 3176 576 3229 -ad
594 3174 721 3244 praemia
734 3181 778 3227 cm
786 3174 841 3243 Ep.
853 3179 888 3229 55
930 3179 981 3229 523
996 3173 1075 3231 crim'

102 3249 186 3305 noxia
204 3250 264 3305 uita
282 3249 416 3304 Halmius
494 3251 545 3299 531
565 3245 656 3314 Hyso
676 3244 729 3298 Hic
744 3245 878 3300 Heinsius
897 3277 930 3285 -
949 3245 1120 3303 Discreuere·

102 3321 198 3403 Barth·
267 3324 317 3374 533
338 3319 407 3441 Hoq]
435 3315 510 3381 Quos
529 3316 663 3370 Heinsius
683 3316 870 3383 -quidnam
898 3323 923 3372 et
950 3321 1002 3371 534
1024 3314 1116 3386 quod·¹

101 3405 167 3443 nam
186 3391 258 3445 adem
276 3406 382 3457 -quo
418 3394 573 3456 unoque
587 3392 648 3438 tro
722 3391 772 3441 537
794 3387 917 3442 durusr
981 3390 1033 3441 539
1050 3384 1115 3443 aul·

98 3460 386 3583 ffimlzlmanimusr
415 3458 524 3513 animus
547 3462 567 3509 1·
596 3457 740 3511 animast)
862 3463 913 3512 540
937 3457 1121 3523 multmma
