2438 3924
151 180 217 246 164
555 177 625 233 s1u1
642 177 774 234 1111161

151 341 211 409 Oui
235 365 354 407 numen
376 342 486 428 pelagi
508 343 696 425 placauerat
718 341 827 406 hostia
850 344 977 428 taurus,
1138 358 1166 408 66

149 431 304 516 laetaque
328 430 484 496 caeruleis
507 431 666 495 innabant
688 429 842 494 fluctibus
866 433 954 496 exta.

149 520 239 586 Tunc
263 545 282 586 a
306 520 380 585 sede
402 520 496 584 deum
519 541 701 604 purumque
723 540 781 602 per
804 517 940 583 aethera
958 519 1081 604 lapsae

149 608 341 694 Armigerae
362 609 452 675 Iouis
477 612 551 672 aute
576 609 686 673 oculos
709 628 844 692 coepere
867 608 1025 674 uolucres

151 699 338 783 Aequoreos
362 702 545 763 monstrare
569 697 640 761 uias
664 718 701 760 ac
720 694 834 760 ducere
858 696 1012 762 classem.

150 786 334 871 Augurium
360 787 494 872 clangor
516 785 639 850 laetum
662 784 770 849 dabat.
806 783 891 869 iude,
915 785 1027 850 secuti
1138 801 1166 851 66

150 874 292 940 Tantum
314 895 523 961 praegressos
545 873 670 959 liquida
692 875 752 938 sub
776 873 861 937 nube
884 873 1038 958 uolatus,

151 963 315 1039 Quantum
338 985 403 1026 non
426 963 549 1027 frustra
572 963 796 1046 speculantum
819 962 944 1026 lumina
969 967 1121 1048 seruant,

151 1052 264 1116 Litora
287 1052 478 1137 Agenoreae
501 1056 675 1131 tenuerunt
698 1050 822 1134 perfida
844 1053 963 1115 terrae.

193 1139 262 1205 Nec
285 1139 403 1225 segnis,
427 1143 520 1205 tanta
543 1141 577 1203 in
600 1142 703 1204 semet
725 1138 875 1203 ueniente
898 1139 1061 1225 procella,

149 1227 261 1293 Africa
283 1227 464 1293 terribilem
487 1249 606 1314 magno
630 1229 690 1292 sub
713 1226 845 1292 nomine
868 1226 1002 1312 molem,
1136 1244 1165 1294 6ο

148 1315 248 1402 Regis
272 1338 359 1402 opes,
382 1320 495 1381 contra
517 1321 550 1380 et
571 1315 715 1400 Massyla
737 1318 910 1400 parauerat
934 1337 1047 1402 arma3

151 1403 293 1490 Spesque
318 1404 450 1489 Syphax
473 1404 605 1489 Libyeis
628 1427 694 1470 una
717 1409 750 1469 et
772 1403 994 1470 Laurentibus
1016 1428 1110 1472 -unus

150 1493 268 1559 Terror
292 1498 371 1559 erat.
408 1516 541 1578 campos
564 1493 687 1577 pariter
710 1493 877 1576 uallesque
900 1491 1035 1559 refusas

151 1582 329 1668 Litoraque
352 1583 515 1666 implerat,
537 1583 627 1647 nullo
651 1582 802 1646 decorare
825 1585 935 1664 tapete

151 1669 365 1757 Cornipedem
390 1669 515 1736 Nomas
539 1673 697 1754 assuetus,
721 1669 901 1752 densaeque
923 1690 985 1753 per
1011 1693 1114 1737 auras
1141 1688 1168 1738 66

153 1757 346 1826 Condebant
368 1761 482 1824 iaculis
507 1759 720 1824 stridentibus
744 1758 878 1823 aethera
899 1757 1019 1823 nubes.

107 1906 109 1911 .
150 1847 328 1915 Immemor
350 1848 404 1912 hic
428 1847 622 1930 dextraeque
646 1847 741 1911 datae
764 1845 929 1928 iunctique
952 1867 1016 1929 per
1042 1870 1124 1915 aras

151 1935 312 2020 Foederis,
336 1940 369 2001 et
392 1957 520 2000 mensas
544 1935 639 1999 testis
663 1938 760 2019 atque
781 1935 915 2016 hospita
938 1933 1017 2000 iura

150 2024 278 2111 Fasque
301 2026 460 2107 fidemque
485 2024 592 2106 simul,
614 2045 718 2108 prauo
742 2027 886 2087 mutatus
911 2044 1038 2110 amore,

150 2113 296 2198 Ruperat
319 2118 415 2198 atque
439 2117 531 2177 toros
554 2112 648 2197 regni
672 2111 817 2176 mercede
839 2114 983 2196 pararat.
1142 2131 1169 2181 ao

152 2201 258 2287 Uirgo
283 2205 354 2265 erat
378 2201 496 2265 eximia
520 2202 625 2285 specie
649 2201 801 2285 claroque
823 2204 971 2285 parante,

152 2289 370 2355 Hasdrubalis
393 2288 517 2373 proles3
539 2288 696 2353 thalamis
721 2310 817 2374 quam
841 2287 928 2373 cepit
956 2292 996 2352 ut
1022 2291 1113 2378 altis,

152 2376 219 2445 Seu
242 2378 314 2443 face
338 2399 510 2442 succensus
534 2377 640 2460 prima
658 2376 818 2462 taedaque
841 2375 954 2462 iugali,

151 2466 263 2533 Uertit
287 2488 365 2550 opes
389 2486 488 2549 gener
511 2466 551 2529 ad
574 2465 711 2551 Poenos,
733 2465 909 2549 Latiaeque
934 2465 1051 2532 soluto

152 2555 297 2621 Foedere
321 2554 492 2639 amicitiae,
516 2554 641 2619 dotalia
663 2554 832 2619 transtulit
854 2574 957 2618 arma.
1140 2573 1168 2625 16

197 2642 260 2708 Sed
282 2665 350 2708 non
373 2644 520 2708 Ausonio
545 2664 694 2708 curarum
717 2647 862 2707 extrema
885 2638 1076 2726 Syphacem
1124 2639 1127 2645 ’

151 2732 289 2798 Ductori
311 2731 475 2796 monuisse
497 2730 574 2816 fuit3
598 2731 754 2816 missique
772 2730 952 2796 minantur:

152 2820 225 2886 Stet
247 2841 358 2907 regno,
381 2823 511 2904 reputet
534 2841 677 2903 superos,
700 2824 799 2904 pacta
820 2818 954 2904 hospita
976 2827 1106 2910 seruet3

151 2909 266 2996 Longe
290 2909 442 2995 coniugia
465 2930 502 2973 ac
525 2909 623 2994 longe
645 2908 764 2993 Tyrios
787 2907 998 2992 Hymenaeus

151 2996 241 3063 Inter
264 2997 449 3063 Dardanias
473 2997 557 3062 acies
580 2996 660 3062 fore.
697 2997 854 3082 sanguine
877 2996 1009 3082 quippe,
1137 3016 1166 3066 66

183 3152 366 3161 ——-——-.—-

224 3265 257 3314 51
275 3260 414 3317 iuuabunt
432 3265 448 3312 s
538 3263 572 3313 56
590 3274 782 3330 praegressos,
799 3264 832 3315 ut
849 3260 920 3314 coni.
939 3260 1092 3333 Heinsius,
1108 3266 1165 3317 m

154 3339 357 3404 progressoso
441 3335 474 3389 57
494 3333 605 3386 seruent
623 3330 759 3386 Heinsius
839 3336 882 3386 60.
898 3335 931 3385 61
950 3332 1068 3401 molem,
1086 3332 1164 3405 uagis
1205 3358 1209 3409 ;

157 3422 232 3474 opes,
252 3422 275 3461 c.
295 3405 415 3461 diutinae·
488 3408 521 3457 67
540 3400 617 3456 hias
636 3403 659 3456 is
675 3400 972 3476 culpo-iunctique]
991 3402 1163 3476 uincliquet
1204 3448 1207 3456 .

150 3482 185 3531 73
202 3475 349 3533 succensis
369 3480 414 3532 ov
486 3479 518 3531 Ἡ
538 3471 690 3544 missiquel
698 3472 827 3540 nullique
839 3479 861 3524 1.
874 3501 907 3514 —
922 3473 1072 3531 minautm
1084 3476 1164 3533 Has

133 3550 200 3605 aras
216 3551 409 3610 minenturs
485 3552 521 3604 '18
539 3545 648 3618 reguo}
662 3546 744 3598 rectu
761 3542 850 3595 Botbc
919 3546 958 3592 'lu
967 3542 1110 3609 'nomn
