2438 3924
412 166 628 225 PUNICORUM
645 168 755 224 LIBER
773 169 832 224 XV.
973 247 976 251 ,
1052 169 1117 235 135

109 328 238 404 Quanta
266 329 380 394 afferre
408 330 545 396 manus?
581 329 663 396 Tum
691 352 767 396 uero
796 331 970 397 effunditur
999 331 1116 418 iugens

110 416 261 480 Telorum
286 418 346 502 uis,
369 421 402 481 et
425 417 525 483 densa
548 420 596 484 sol
615 420 757 483 uincitur
779 420 903 485 umbra.
1065 435 1116 486 767

109 503 243 589 lamque
265 527 324 588 per
347 509 495 572 extentos
519 506 644 571 alterna
667 511 777 592 strage
800 509 944 573 uirorum

108 589 254 676 Corpora
275 592 349 657 fusa
370 593 478 658 iacent
499 616 641 678 campos,
664 595 872 679 demersaque
895 597 931 660 in
953 597 1074 662 undam

107 679 299 745 Iunxerunt'
309 683 437 746 cumulo
462 686 624 749 crescente
647 683 805 748 cadauera
827 685 925 767 ripas.

108 767 163 850 Ul,
186 791 258 834 cum
282 774 402 834 uenatu
425 772 527 836 saltus
550 776 677 835 exercet
700 793 818 855 opacos

108 855 273 940 Dictynna
296 862 329 921 et
351 858 457 923 laetae
479 860 613 943 praebet
636 859 821 944 spectacula
844 859 950 940 matri,
1063 875 1115 924 770

108 946 176 1008 Aut
204 943 326 1029 Cynthi
352 967 486 1012 nemora
513 949 676 1012 excutiens
705 951 762 1012 aut
787 946 936 1011 Maenala
962 948 1116 1029 lustrans,

107 1031 222 1097 Omnis
245 1031 409 1098 Naiadum
432 1036 537 1119 plenis
561 1037 718 1100 comitata
739 1035 902 1120 pharetris

107 1121 217 1184 Turba
240 1121 317 1206 ruit,
339 1122 543 1206 striduntque
567 1124 745 1209 sagittiferi
768 1123 888 1208 goryti.

107 1208 189 1273 Tum
213 1231 270 1293 per
294 1231 373 1275 saxa
394 1211 482 1277 ferae
505 1233 626 1296 perque
649 1212 722 1296 ipsa
745 1211 866 1276 cubilia
888 1210 990 1294 fusae,
1065 1234 1067 1239 ·

105 1297 167 1361 Per
190 1297 286 1362 uallis
308 1297 490 1383 fluuiosque
513 1303 610 1384 atque
632 1305 727 1364 antra
749 1299 890 1364 uirentia
913 1320 1025 1364 musco
1063 1314 1115 1364 777

106 1384 212 1450 Multa
236 1391 345 1470 strage
367 1386 483 1451 iacent.
520 1388 644 1451 exultat
667 1387 789 1452 uertice
812 1387 932 1451 montis

107 1472 243 1537 Gratum
266 1474 467 1557 perlustrans
491 1475 593 1540 oculis
616 1474 757 1541 Latonia
779 1474 941 1557 praedam.

152 1562 274 1626 Audito
298 1566 374 1626 ante
398 1563 479 1627 alios
507 1562 643 1627 senioris
666 1563 809 1645 uulnere,
832 1562 956 1644 rumpit

106 1649 168 1713 Per
189 1648 313 1714 medios
336 1649 425 1715 Nero
450 1672 565 1715 saeuus
589 1652 660 1734 iter,
681 1651 815 1734 uisaque
838 1649 983 1713 uirorum
1062 1666 1113 1715 779

104 1737 245 1821 Aequali
267 1759 391 1822 pugna:
414 1737 515 1813 ‘Quid
537 1739 632 1820 euim,
653 1738 729 1821 quid
754 1736 867 1801 deinde
889 1736 1041 1802 relictum
1064 1742 1115 1802 est

105 1825 221 1889 ltaliae
244 1825 345 1900 fatis?
370 1825 457 1889 hunc
480 1827 507 1890 si
529 1848 596 1890 nou
618 1825 748 1891 uincitis
771 1827 910 1908 hostem,

104 1911 321 1977 Hannibalem
345 1913 524 1978 uincetisP'
548 1914 603 1978 ait.
630 1913 709 1978 Ruit
729 1913 818 1978 ocius
842 1935 953 1976 amens

104 2000 144 2065 ln
168 2001 305 2086 medios,
328 2001 526 2086 Tyriumque
549 2003 662 2068 ducem
685 2004 770 2066 inter
792 2001 898 2084 prima
921 2001 1113 2066 frementem

104 2090 245 2174 Agmina
267 2095 306 2154 ut
328 2090 463 2173 aspexit,
485 2090 591 2155 rabidi
614 2112 671 2155 eeu
694 2091 790 2154 belua
811 2089 913 2174 ponti,

103 2177 166 2242 Per
189 2179 323 2263 longum
348 2178 453 2242 sterili
476 2179 515 2243 ad
538 2182 652 2262 pastus
675 2179 797 2244 iactata
819 2177 991 2262 profundo,
1059 2195 1111 2245 785

104 2264 186 2331 Cum
209 2267 323 2351 procul
346 2267 503 2332 inductu
526 2268 647 2351 piscem
671 2270 755 2333 male
779 2268 888 2332 saucia
910 2267 1001 2353 uidit,

104 2355 243 2419 Aestuat
266 2360 308 2435 et,
330 2355 474 2420 lustrans
497 2361 630 2422 nantem
654 2357 713 2421 sub
737 2357 865 2440 gurgite
888 2357 1052 2441 praedam,

102 2441 269 2508 Absorbet
290 2443 357 2507 late
380 2445 577 2527 permixtum
600 2445 742 2526 piscibus
771 2465 898 2527 aequor.

104 2528 180 2594 Non
202 2531 269 2594 telo
293 2551 398 2613 mora,
423 2553 490 2596 uon
513 2531 618 2597 dictis.
664 2531 776 2595 ‘Haud
800 2531 966 2615 amplius,'
994 2532 1110 2616 inquit,

102 2616 260 2682 ‘Elabere
283 2617 373 2683 mihi.
408 2640 475 2684 non
496 2619 551 2684 hic
573 2641 707 2684 nemora
730 2619 804 2682 auia
827 2619 941 2683 fallent
1060 2639 1111 2685 790

103 2705 254 2790 Pyrenes,
277 2728 337 2771 nec
359 2706 530 2791 promissis
551 2707 750 2773 frustrabere
773 2708 876 2787 uanis,

104 2792 149 2859 Ut
171 2794 333 2878 quondam
356 2799 446 2860 terre
466 2796 567 2861 fallax
590 2796 765 2879 deprensus
789 2793 911 2856 Hibera

102 2881 219 2946 Euasti
240 2886 387 2955 noemam
409 2883 547 2950 mentito
568 2884 698 2950 foedere
721 2880 888 2946 dextram?

175 3025 226 3075 777
245 3018 429 3088 demersaque
447 3026 492 3074 on
504 3019 560 3090 Ep.
574 3024 611 3076 10
638 3019 805 3087 diuerseque
825 3025 843 3072 ο
935 3026 984 3072 771
1008 3020 1108 3086 Cynthi

102 3089 239 3145 Schrader
261 3088 378 3160 piudi!
484 3094 537 3147 777
554 3093 642 3145 ruunt
658 3096 692 3145 ⁰0
708 3089 771 3145 Em.
791 3089 819 3144 I.
839 3095 857 3143 6
878 3089 922 3152 (T.
938 3108 968 3158 p.
989 3095 1054 3155 197)
1076 3122 1108 3129 —

101 3160 281 3230 striduntque
297 3158 451 3231 ugitfiferi
467 3159 561 3231 eunti
573 3166 619 3215 οι
630 3160 687 3229 Ep.
703 3164 739 3215 10
751 3162 779 3215 ef
790 3164 824 3213 ⁰0
837 3160 900 3214 Em.
914 3160 940 3212 I.
956 3165 973 3213 6
1016 3167 1067 3214 774
1082 3167 1110 3214 ct

99 3246 153 3303 per
168 3229 233 3303 ipra
251 3236 272 3285 0
325 3236 379 3287 777
397 3230 492 3305 nuh]
509 3232 609 3287 17771
663 3238 691 3285 7;
778 3228 829 3283 11777
846 3237 865 3283 L
923 3238 973 3284 777
995 3231 1109 3286 Gratum

100 3300 329 3373 perlustres-cn
339 3300 551 3359 dfflfflfl.
828 3318 878 3355 uus
891 3307 933 3351 OV
944 3303 987 3369 (T.
996 3322 1025 3371 p.
1038 3309 1108 3369 224)

474 3432 477 3437 ,
562 3370 566 3379 ’
840 3374 894 3498 lcpss
968 3380 1018 3427 788
1038 3374 1108 3443 late]

879 3449 954 3500 ...V
992 3450 1042 3497 792
1063 3447 1108 3497 de-
