2438 3924
406 163 622 220 PUNIOORUM
641 163 750 219 sisse
767 162 815 219 xl.

108 325 268 411 Eripuere
290 327 399 411 minis,
420 327 631 411 resolutaque
653 328 785 394 0100010
806 329 900 396 collo.

108 415 219 500 Atque
242 415 355 481 eadem
376 415 466 481 uitae
489 419 601 481 custos
624 437 700 482 mox
723 415 838 483 deinde
861 418 972 503 quieto

108 504 246 588 Accepit
267 505 367 569 tellus
391 526 467 569 0000
489 503 650 570 inuiolata
673 507 834 591 sepulcro.

153 591 223 658 Nee
245 591 406 658 Uenerem
428 593 553 657 interes
575 591 663 678 fugit
684 594 871 680 exoptabile
894 599 1021 680 teinpus
1066 612 1119 664 000

109 681 293 747 Poenorum
314 685 441 746 mentes
464 702 560 746 coeco
584 701 643 765 per
663 681 752 749 laeta
774 682 942 768 premendi

107 769 221 835 Exitio
245 775 279 835 et
299 770 379 834 luxu
401 768 501 835 corda
522 769 711 854 importuna
734 770 897 839 domsndi.

107 856 269 944 Spargere
291 860 359 923 tels
381 879 480 922 manu
501 859 625 943 possim
647 859 796 926 tollentia
818 860 905 926 uatis

108 947 253 1032 Imperat
275 950 309 1012 et
331 946 450 1011 tacitas
473 947 509 1011 iu
531 952 663 1031 pectora
685 949 816 1015 mittere
838 948 994 1014 flammas.

108 1034 192 1100 Tum
214 1036 324 1120 pueris
347 1034 440 1099 dulce
463 1034 623 1101 arridens:
647 1035 730 1101 ‘list
752 1037 902 1121 improba
924 1035 1006 1103 Iuno
1065 1052 1117 1105 900

106 1122 153 1187 Et
161 1145 222 1188 nos
235 1161 274 1171 -
282 1146 342 1190 nec
355 1123 484 1206 mirum,
497 1125 574 1208 quid
584 1126 672 1190 enim
681 1126 816 1192 sumus?
829 1161 868 1173 -
880 1129 955 1192 0010
968 1125 1116 1194 secundis

108 1211 284 1297 Despicist.
316 1212 404 1277 ualet
425 1211 485 1276 1110
509 1234 616 1297 mauu,
639 1213 728 1279 uolet
751 1214 808 1280 ills
829 1214 974 1300 lacertis3

105 1299 248 1365 Paruuls
269 1321 330 1365 nos
354 1322 432 1366 arcu
454 1302 574 1384 puerili
597 1303 722 1386 spicula
745 1303 865 1369 sensim

105 1389 294 1473 Funiimua,
316 1393 350 1454 et
371 1389 481 1454 nullus
505 1395 618 1456 nostro
642 1390 681 1456 ds
704 1392 837 1458 uulnera
861 1391 1003 1478 sanguis.
1063 1407 1115 1458 394

107 1477 240 1562 Varum,
254 1478 351 1564 agite,
366 1500 385 1543 0
404 1499 478 1543 mea
492 1479 599 1564 turba,
616 1500 740 1564 precor,
752 1501 838 1545 nuno
852 1484 990 1565 tempus,
1007 1478 1116 1546 edecta

106 1566 152 1630 nt
174 1566 308 1650 Tyriam
331 1567 453 1651 pubem
475 1567 585 1633 tacitis
610 1568 739 1634 exurite·
757 1568 841 1634 talis.

108 1656 271 1740 Amplexu
294 1656 464 1740 multoque
487 1677 577 1720 mero
602 1676 779 1739 somnoque
802 1655 948 1722 uirorum

105 1742 315 1828 Profligande
338 1745 433 1827 acies,
457 1764 556 1826 quam
578 1765 645 1808 nou
666 1743 861 1829 perfregerit
886 1744 983 1828 ensis,

105 1830 182 1896 Non
204 1832 307 1916 ignes,
329 1854 396 1896 non
419 1830 576 1895 immissis
600 1830 761 1897 Gradiuus
784 1831 928 1897 habenis.

105 1919 282 1985 Gombibet
304 1920 439 2003 illapsos
464 1919 578 1984 ductor
601 1941 659 2004 per
682 1920 807 1986 uiscera
830 1920 933 2005 luxus,
1064 1936 1115 1988 400

105 2006 176 2072 Νο0
199 2007 320 2092 pudeat
343 2009 431 2091 picto
455 2007 574 2073 fultum
598 2009 736 2073 iacuisse
760 2007 867 2091 cubili,

105 2095 175 2161 Nec
199 2097 322 2161 crinem
344 2095 480 2180 Assyrio
504 2095 696 2180 perfundere
720 2101 844 2183 pugnet
867 2117 1003 2165 amomo.

103 2184 176 2269 Ille,
199 2185 259 2250 sub
283 2185 418 2249 hiberno
443 2206 576 2250 somnos
600 2186 732 2251 educere
756 2187 847 2251 cselo

102 2272 257 2358 lectator,
279 2273 374 2338 tectis
398 2275 493 2338 malit
516 2295 702 2340 consumere
725 2278 851 2358 noctes;

105 2364 154 2426 Ac
176 2365 279 2447 ponet
301 2362 385 2426 ritus
409 2362 567 2446 uescendi,
590 2384 686 2447 saepe
710 2363 811 2428 citato
1062 2379 1113 2428 400

104 2449 193 2514 Dum
216 2450 337 2514 residet
360 2451 420 2514 sub
444 2451 569 2521 casside
593 2473 684 2536 equo,
710 2452 875 2536 discatque
900 2452 1005 2535 Lyaeo

104 2538 275 2603 Imbellem
300 2538 418 2603 donare
442 2539 535 2604 diem.
569 2543 639 2605 tum
664 2539 777 2604 deinde
801 2540 944 2605 madenti

103 2627 185 2692 Post
207 2629 319 2711 epulas
343 2628 388 2691 sit
411 2631 506 2711 grata
531 2628 648 2713 chelys,
672 2628 843 2713 segnisque
868 2650 1011 2712 sopores,

102 2715 173 2779 Aut
195 2719 309 2780 nostro
332 2715 449 2801 uigiles
474 2716 570 2780 ducat
592 2718 652 2781 sub
676 2716 806 2782 numine
830 2715 961 2781 noctes?

150 2802 239 2868 Haec
253 2807 427 2887 postquam
442 2803 564 2887 Uenus,
579 2805 746 2890 applaudit
761 2805 902 2869 lasciuus
918 2808 950 2866 et
965 2805 1031 2867 alto
1061 2820 1112 2866 410

103 2891 210 2956 Mittit
233 2914 268 2957 se
292 2893 381 2956 caelo
404 2892 509 2957 niueis
533 2894 690 2958 exercitus
715 2894 783 2958 0110.

174 3106 225 3156 389
249 3102 365 3173 tacitos]
389 3103 484 3155 tantas
509 3106 527 3153 0
640 3108 689 3156 391
717 3105 800 3155 00010
825 3102 862 3154 D.
887 3100 1021 3154 Heinsius
1052 3099 1080 3155 al

102 3173 241 3228 Schrader
337 3177 387 3227 392
412 3171 587 3242 Dispiciais
678 3178 729 3226 394
754 3173 793 3243 et]
818 3173 841 3225 it
860 3171 996 3225 Her'hsius
1014 3187 1068 3240 pro

101 3243 236 3308 Lefehrere
254 3248 279 3297 et
297 3243 492 3298 Drakenborch
535 3242 683 3312 39910110]
704 3242 795 3297 taedia
815 3243 949 3296 Heinsius
991 3242 1070 3297 3991

100 3313 242 3367 missust
296 3319 349 3368 402
368 3319 476 3383 pugnet
493 3319 536 3365 LV
563 3320 694 3383 pugnat
719 3314 835 3381 pigeto
891 3318 942 3367 403
962 3329 992 3368 00
1011 3313 1096 3369 duccr

99 3384 192 3440 Barth
213 3383 218 3392 '
252 3386 446 3440 4041actstus
465 3401 486 3439 c.
506 3387 563 3439 aod.
581 3385 645 3440 Tell.
661 3385 795 3450 Lefebure
823 3387 959 3439 10010100
977 3387 1104 3440 Heinsio.

100 3487 135 3496 -
153 3454 250 3526 tectis]
272 3453 374 3510 191100
403 3456 437 3509 de
452 3498 480 3511 ..
501 3461 537 3507 ch
561 3457 606 3522 (T.
619 3475 647 3526 p.
664 3461 734 3523 246)
757 3456 847 3510 taedis
871 3456 964 3510 Barth
992 3457 1111 3525 dapium-

99 3526 237 3581 Heinsius
308 3531 360 3580 408
379 3525 468 3580 chelis
486 3531 552 3578 FOV
573 3525 676 3580 101101.
