<?xml version="1.0" encoding="UTF-8"?>
<!DOCTYPE html PUBLIC "-//W3C//DTD XHTML 1.0 Transitional//EN"
    "http://www.w3.org/TR/xhtml1/DTD/xhtml1-transitional.dtd">
<html xmlns="http://www.w3.org/1999/xhtml" xml:lang="en" lang="en">
 <head>
  <title>
</title>
<meta http-equiv="Content-Type" content="text/html;charset=utf-8" />
  <meta name='ocr-system' content='tesseract 3.04.00' />
  <meta name='ocr-capabilities' content='ocr_page ocr_carea ocr_par ocr_line ocrx_word'/>
</head>
<body>
  <div class='ocr_page' id='page_1' title='image "./siliitalicipuni00italgoog_0093.png"; bbox 0 0 2438 3924; ppageno 0'>
   <div class='ocr_carea' id='block_1_1' title="bbox 143 166 766 234">
    <p class='ocr_par' dir='ltr' id='par_1_1' title="bbox 143 166 766 234">
     <span class='ocr_line' id='line_1_1' title="bbox 143 166 766 234; baseline -0.013 -5"><span class='ocrx_word' id='word_1_1' title='bbox 143 167 188 234; x_wconf 64' lang='lat'><strong>78</strong></span> <span class='ocrx_word' id='word_1_2' title='bbox 545 166 766 224; x_wconf 81' lang='lat' dir='ltr'><strong>SILI&#39;ITALICI</strong></span> 
     </span>
    </p>
   </div>
   <div class='ocr_carea' id='block_1_2' title="bbox 142 329 1187 428">
    <p class='ocr_par' dir='ltr' id='par_1_2' title="bbox 142 329 1187 428">
     <span class='ocr_line' id='line_1_2' title="bbox 142 329 1187 428; baseline -0.001 -31"><span class='ocrx_word' id='word_1_3' title='bbox 142 332 270 397; x_wconf 90' lang='lat' dir='ltr'><strong>Inuicto</strong></span> <span class='ocrx_word' id='word_1_4' title='bbox 294 329 575 415; x_wconf 67' lang='lat' dir='ltr'><strong>stupet‘Acacida</strong></span> <span class='ocrx_word' id='word_1_5' title='bbox 598 333 709 414; x_wconf 91' lang='lat' dir='ltr'><strong>stupet</strong></span> <span class='ocrx_word' id='word_1_6' title='bbox 730 329 872 395; x_wconf 91' lang='lat' dir='ltr'><strong>Hectore</strong></span> <span class='ocrx_word' id='word_1_7' title='bbox 895 350 1015 414; x_wconf 84' lang='lat' dir='ltr'><strong>magno</strong></span> <span class='ocrx_word' id='word_1_8' title='bbox 1104 345 1187 428; x_wconf 57' lang='grc'><strong>800,</strong></span> 
     </span>
    </p>
   </div>
   <div class='ocr_carea' id='block_1_3' title="bbox 102 418 1157 2538">
    <p class='ocr_par' dir='ltr' id='par_1_3' title="bbox 102 418 1157 2538">
     <span class='ocr_line' id='line_1_3' title="bbox 125 418 1007 507; baseline -0.002 -22"><span class='ocrx_word' id='word_1_9' title='bbox 125 488 132 507; x_wconf 20' lang='grc'><strong>1,</strong></span> <span class='ocrx_word' id='word_1_10' title='bbox 145 421 320 505; x_wconf 82' lang='lat' dir='ltr'><strong>Aiacisque</strong></span> <span class='ocrx_word' id='word_1_11' title='bbox 344 419 480 505; x_wconf 88' lang='lat' dir='ltr'><strong>gradum</strong></span> <span class='ocrx_word' id='word_1_12' title='bbox 503 418 750 505; x_wconf 90' lang='lat' dir='ltr'><strong>uenerandaque</strong></span> <span class='ocrx_word' id='word_1_13' title='bbox 774 418 924 484; x_wconf 79' lang='lat' dir='ltr'><strong>Nestoris</strong></span> <span class='ocrx_word' id='word_1_14' title='bbox 948 440 1007 484; x_wconf 93' lang='lat' dir='ltr'><strong>ora</strong></span> 
     </span>
     <span class='ocr_line' id='line_1_4' title="bbox 126 505 920 594; baseline -0.004 -20"><span class='ocrx_word' id='word_1_15' title='bbox 126 509 290 594; x_wconf 63' lang='lat' dir='ltr'><strong>*Miratun</strong></span> <span class='ocrx_word' id='word_1_16' title='bbox 313 509 462 594; x_wconf 87' lang='lat' dir='ltr'><strong>geminos</strong></span> <span class='ocrx_word' id='word_1_17' title='bbox 484 511 633 592; x_wconf 90' lang='lat' dir='ltr'><strong>aspectat</strong></span> <span class='ocrx_word' id='word_1_18' title='bbox 655 508 761 573; x_wconf 88' lang='lat' dir='ltr'><strong>laetus</strong></span> <span class='ocrx_word' id='word_1_19' title='bbox 784 505 920 572; x_wconf 79' lang='lat' dir='ltr'><strong>Atridas</strong></span> 
     </span>
     <span class='ocr_line' id='line_1_5' title="bbox 143 595 1053 683; baseline -0.002 -21"><span class='ocrx_word' id='word_1_20' title='bbox 143 597 279 683; x_wconf 88' lang='lat' dir='ltr'><strong>Iamque</strong></span> <span class='ocrx_word' id='word_1_21' title='bbox 301 596 461 676; x_wconf 86' lang='lat' dir='ltr'><strong>Ithacum,</strong></span> <span class='ocrx_word' id='word_1_22' title='bbox 485 596 580 662; x_wconf 88' lang='lat' dir='ltr'><strong>corde</strong></span> <span class='ocrx_word' id='word_1_23' title='bbox 603 600 798 682; x_wconf 74' lang='lat' dir='ltr'><strong>aequantem</strong></span> <span class='ocrx_word' id='word_1_24' title='bbox 819 595 931 662; x_wconf 88' lang='lat' dir='ltr'><strong>Peleia</strong></span> <span class='ocrx_word' id='word_1_25' title='bbox 954 595 1053 661; x_wconf 87' lang='lat' dir='ltr'><strong>facta.</strong></span> 
     </span>
     <span class='ocr_line' id='line_1_6' title="bbox 144 682 1036 770; baseline -0.004 -18"><span class='ocrx_word' id='word_1_26' title='bbox 144 685 315 752; x_wconf 87' lang='lat' dir='ltr'><strong>Uicturam</strong></span> <span class='ocrx_word' id='word_1_27' title='bbox 337 685 413 751; x_wconf 91' lang='lat' dir='ltr'><strong>hinc</strong></span> <span class='ocrx_word' id='word_1_28' title='bbox 437 686 540 750; x_wconf 89' lang='lat' dir='ltr'><strong>cernit</strong></span> <span class='ocrx_word' id='word_1_29' title='bbox 562 683 682 749; x_wconf 85' lang='lat' dir='ltr'><strong>Ledaei</strong></span> <span class='ocrx_word' id='word_1_30' title='bbox 706 682 853 770; x_wconf 76' lang='lat' dir='ltr'><strong>Castoris</strong></span> <span class='ocrx_word' id='word_1_31' title='bbox 875 685 1036 768; x_wconf 86' lang='lat' dir='ltr'><strong>umbram,</strong></span> 
     </span>
     <span class='ocr_line' id='line_1_7' title="bbox 144 773 1157 858; baseline 0 -20"><span class='ocrx_word' id='word_1_32' title='bbox 144 774 319 839; x_wconf 81' lang='lat' dir='ltr'><strong>Alternum</strong></span> <span class='ocrx_word' id='word_1_33' title='bbox 342 774 447 839; x_wconf 90' lang='lat' dir='ltr'><strong>lucem</strong></span> <span class='ocrx_word' id='word_1_34' title='bbox 470 773 648 858; x_wconf 75' lang='lat' dir='ltr'><strong>peragebat</strong></span> <span class='ocrx_word' id='word_1_35' title='bbox 669 774 704 836; x_wconf 91' lang='lat' dir='ltr'><strong>in</strong></span> <span class='ocrx_word' id='word_1_36' title='bbox 727 774 858 838; x_wconf 90' lang='lat' dir='ltr'><strong>aethere</strong></span> <span class='ocrx_word' id='word_1_37' title='bbox 880 773 1006 838; x_wconf 88' lang='lat' dir='ltr'><strong>Pollux.</strong></span> <span class='ocrx_word' id='word_1_38' title='bbox 1103 788 1157 838; x_wconf 81' lang='grc'><strong>800</strong></span> 
     </span>
     <span class='ocr_line' id='line_1_8' title="bbox 189 860 1023 929; baseline -0.004 0"><span class='ocrx_word' id='word_1_39' title='bbox 189 861 252 929; x_wconf 82' lang='lat' dir='ltr'><strong>Sed</strong></span> <span class='ocrx_word' id='word_1_40' title='bbox 275 863 383 927; x_wconf 90' lang='lat' dir='ltr'><strong>subito</strong></span> <span class='ocrx_word' id='word_1_41' title='bbox 406 862 518 927; x_wconf 88' lang='lat' dir='ltr'><strong>uultus</strong></span> <span class='ocrx_word' id='word_1_42' title='bbox 542 865 727 926; x_wconf 86' lang='lat' dir='ltr'><strong>monstrata</strong></span> <span class='ocrx_word' id='word_1_43' title='bbox 748 860 888 926; x_wconf 87' lang='lat' dir='ltr'><strong>Lauinia</strong></span> <span class='ocrx_word' id='word_1_44' title='bbox 910 862 1023 926; x_wconf 84' lang='lat' dir='ltr'><strong>traxit.</strong></span> 
     </span>
     <span class='ocr_line' id='line_1_9' title="bbox 143 950 1047 1035; baseline -0.003 -18"><span class='ocrx_word' id='word_1_45' title='bbox 143 951 230 1017; x_wconf 89' lang='lat' dir='ltr'><strong>Nam</strong></span> <span class='ocrx_word' id='word_1_46' title='bbox 253 952 347 1035; x_wconf 88' lang='lat' dir='ltr'><strong>uirgo</strong></span> <span class='ocrx_word' id='word_1_47' title='bbox 371 950 548 1032; x_wconf 88' lang='lat' dir='ltr'><strong>admonuit,</strong></span> <span class='ocrx_word' id='word_1_48' title='bbox 570 953 700 1034; x_wconf 91' lang='lat' dir='ltr'><strong>tempus</strong></span> <span class='ocrx_word' id='word_1_49' title='bbox 724 971 918 1035; x_wconf 80' lang='lat' dir='ltr'><strong>cognoscere</strong></span> <span class='ocrx_word' id='word_1_50' title='bbox 941 951 1047 1014; x_wconf 85' lang='lat' dir='ltr'><strong>mania</strong></span> 
     </span>
     <span class='ocr_line' id='line_1_10' title="bbox 142 1039 972 1120; baseline 0 -16"><span class='ocrx_word' id='word_1_51' title='bbox 142 1039 324 1120; x_wconf 89' lang='lat' dir='ltr'><strong>Femineos,</strong></span> <span class='ocrx_word' id='word_1_52' title='bbox 346 1060 387 1102; x_wconf 91' lang='lat' dir='ltr'><strong>ne</strong></span> <span class='ocrx_word' id='word_1_53' title='bbox 411 1041 617 1104; x_wconf 83' lang='lat' dir='ltr'><strong>cunctantem</strong></span> <span class='ocrx_word' id='word_1_54' title='bbox 641 1039 697 1103; x_wconf 87' lang='lat' dir='ltr'><strong>lux</strong></span> <span class='ocrx_word' id='word_1_55' title='bbox 720 1039 807 1104; x_wconf 88' lang='lat' dir='ltr'><strong>alma</strong></span> <span class='ocrx_word' id='word_1_56' title='bbox 828 1042 972 1104; x_wconf 87' lang='lat' dir='ltr'><strong>uocaret.</strong></span> 
     </span>
     <span class='ocr_line' id='line_1_11' title="bbox 144 1125 1074 1213; baseline 0 -21"><span class='ocrx_word' id='word_1_57' title='bbox 144 1127 251 1192; x_wconf 72' lang='lat' dir='ltr'><strong>‘Felix</strong></span> <span class='ocrx_word' id='word_1_58' title='bbox 272 1126 374 1212; x_wconf 90' lang='lat' dir='ltr'><strong>haec,&#39;</strong></span> <span class='ocrx_word' id='word_1_59' title='bbox 398 1127 513 1211; x_wconf 90' lang='lat' dir='ltr'><strong>inquit,</strong></span> <span class='ocrx_word' id='word_1_60' title='bbox 537 1125 689 1192; x_wconf 72' lang='lat' dir='ltr'><strong>‘Ueneris</strong></span> <span class='ocrx_word' id='word_1_61' title='bbox 713 1149 815 1193; x_wconf 86' lang='lat' dir='ltr'><strong>nurus</strong></span> <span class='ocrx_word' id='word_1_62' title='bbox 838 1127 950 1195; x_wconf 86' lang='lat' dir='ltr'><strong>ordine</strong></span> <span class='ocrx_word' id='word_1_63' title='bbox 974 1128 1074 1213; x_wconf 87' lang='lat' dir='ltr'><strong>longo</strong></span> 
     </span>
     <span class='ocr_line' id='line_1_12' title="bbox 144 1214 1156 1300; baseline 0 -19"><span class='ocrx_word' id='word_1_64' title='bbox 144 1215 347 1300; x_wconf 81' lang='lat' dir='ltr'><strong>Troiugenas</strong></span> <span class='ocrx_word' id='word_1_65' title='bbox 370 1214 475 1280; x_wconf 85' lang='lat' dir='ltr'><strong>iunxit</strong></span> <span class='ocrx_word' id='word_1_66' title='bbox 498 1216 623 1280; x_wconf 86' lang='lat' dir='ltr'><strong>sociata</strong></span> <span class='ocrx_word' id='word_1_67' title='bbox 641 1215 733 1299; x_wconf 89' lang='lat' dir='ltr'><strong>prole</strong></span> <span class='ocrx_word' id='word_1_68' title='bbox 750 1215 887 1280; x_wconf 90' lang='lat' dir='ltr'><strong>Latinis.</strong></span> <span class='ocrx_word' id='word_1_69' title='bbox 1102 1231 1156 1281; x_wconf 89' lang='grc'><strong>810</strong></span> 
     </span>
     <span class='ocr_line' id='line_1_13' title="bbox 143 1302 1021 1388; baseline -0.001 -19"><span class='ocrx_word' id='word_1_70' title='bbox 143 1303 203 1370; x_wconf 90' lang='lat' dir='ltr'><strong>Uis</strong></span> <span class='ocrx_word' id='word_1_71' title='bbox 227 1310 260 1369; x_wconf 95' lang='lat' dir='ltr'><strong>et</strong></span> <span class='ocrx_word' id='word_1_72' title='bbox 282 1303 487 1388; x_wconf 83' lang='lat' dir='ltr'><strong>Martigenae</strong></span> <span class='ocrx_word' id='word_1_73' title='bbox 509 1304 674 1368; x_wconf 85' lang='lat' dir='ltr'><strong>thalamos</strong></span> <span class='ocrx_word' id='word_1_74' title='bbox 702 1312 849 1388; x_wconf 86' lang='lat' dir='ltr'><strong>spectare</strong></span> <span class='ocrx_word' id='word_1_75' title='bbox 872 1302 1021 1379; x_wconf 79' lang='lat' dir='ltr'><strong>Quirini?</strong></span> 
     </span>
     <span class='ocr_line' id='line_1_14' title="bbox 121 1391 1008 1477; baseline -0.003 -19"><span class='ocrx_word' id='word_1_76' title='bbox 121 1394 124 1399; x_wconf 85' lang='grc'><strong>’</strong></span> <span class='ocrx_word' id='word_1_77' title='bbox 143 1392 322 1458; x_wconf 89' lang='lat' dir='ltr'><strong>Hersiliam</strong></span> <span class='ocrx_word' id='word_1_78' title='bbox 346 1413 452 1477; x_wconf 81' lang='lat' dir='ltr'><strong>cerne3</strong></span> <span class='ocrx_word' id='word_1_79' title='bbox 474 1391 619 1457; x_wconf 88' lang='lat' dir='ltr'><strong>hirsutos</strong></span> <span class='ocrx_word' id='word_1_80' title='bbox 643 1413 716 1457; x_wconf 90' lang='lat' dir='ltr'><strong>cum</strong></span> <span class='ocrx_word' id='word_1_81' title='bbox 740 1395 906 1477; x_wconf 89' lang='lat' dir='ltr'><strong>sperneret</strong></span> <span class='ocrx_word' id='word_1_82' title='bbox 929 1391 1008 1457; x_wconf 91' lang='lat' dir='ltr'><strong>olim</strong></span> 
     </span>
     <span class='ocr_line' id='line_1_15' title="bbox 144 1480 914 1566; baseline -0.004 -19"><span class='ocrx_word' id='word_1_83' title='bbox 144 1482 231 1547; x_wconf 81' lang='lat' dir='ltr'><strong>Gens</strong></span> <span class='ocrx_word' id='word_1_84' title='bbox 254 1480 362 1546; x_wconf 91' lang='lat' dir='ltr'><strong>uicina</strong></span> <span class='ocrx_word' id='word_1_85' title='bbox 383 1502 508 1566; x_wconf 86' lang='lat' dir='ltr'><strong>procos,</strong></span> <span class='ocrx_word' id='word_1_86' title='bbox 530 1480 655 1564; x_wconf 90' lang='lat' dir='ltr'><strong>pastori</strong></span> <span class='ocrx_word' id='word_1_87' title='bbox 677 1485 774 1565; x_wconf 87' lang='lat' dir='ltr'><strong>rapta</strong></span> <span class='ocrx_word' id='word_1_88' title='bbox 795 1481 914 1545; x_wconf 90' lang='lat' dir='ltr'><strong>marito</strong></span> 
     </span>
     <span class='ocr_line' id='line_1_16' title="bbox 143 1568 1017 1654; baseline -0.002 -20"><span class='ocrx_word' id='word_1_89' title='bbox 143 1569 349 1654; x_wconf 90' lang='lat' dir='ltr'><strong>Intrauitque</strong></span> <span class='ocrx_word' id='word_1_90' title='bbox 373 1591 466 1635; x_wconf 88' lang='lat' dir='ltr'><strong>casae</strong></span> <span class='ocrx_word' id='word_1_91' title='bbox 489 1569 651 1653; x_wconf 83' lang='lat' dir='ltr'><strong>culmique</strong></span> <span class='ocrx_word' id='word_1_92' title='bbox 675 1591 692 1634; x_wconf 89' lang='lat' dir='ltr'><strong>e</strong></span> <span class='ocrx_word' id='word_1_93' title='bbox 716 1569 872 1634; x_wconf 89' lang='lat' dir='ltr'><strong>stramine</strong></span> <span class='ocrx_word' id='word_1_94' title='bbox 895 1568 1017 1633; x_wconf 90' lang='lat' dir='ltr'><strong>fultum</strong></span> 
     </span>
     <span class='ocr_line' id='line_1_17' title="bbox 143 1657 1155 1724; baseline 0 -2"><span class='ocrx_word' id='word_1_95' title='bbox 143 1658 269 1724; x_wconf 88' lang='lat' dir='ltr'><strong>Pressit</strong></span> <span class='ocrx_word' id='word_1_96' title='bbox 287 1660 503 1724; x_wconf 83' lang='lat' dir='ltr'><strong>lectatorum</strong></span> <span class='ocrx_word' id='word_1_97' title='bbox 521 1661 555 1722; x_wconf 91' lang='lat' dir='ltr'><strong>et</strong></span> <span class='ocrx_word' id='word_1_98' title='bbox 574 1679 702 1724; x_wconf 88' lang='lat' dir='ltr'><strong>soceros</strong></span> <span class='ocrx_word' id='word_1_99' title='bbox 720 1657 888 1723; x_wconf 88' lang='lat' dir='ltr'><strong>reuocauit</strong></span> <span class='ocrx_word' id='word_1_100' title='bbox 906 1659 947 1722; x_wconf 87' lang='lat' dir='ltr'><strong>ab</strong></span> <span class='ocrx_word' id='word_1_101' title='bbox 967 1657 1077 1722; x_wconf 90' lang='lat' dir='ltr'><strong>armis.</strong></span> <span class='ocrx_word' id='word_1_102' title='bbox 1102 1672 1155 1722; x_wconf 83' lang='grc'><strong>810</strong></span> 
     </span>
     <span class='ocr_line' id='line_1_18' title="bbox 144 1745 967 1832; baseline 0 -22"><span class='ocrx_word' id='word_1_103' title='bbox 144 1748 265 1832; x_wconf 89' lang='lat' dir='ltr'><strong>Aspice</strong></span> <span class='ocrx_word' id='word_1_104' title='bbox 288 1745 472 1813; x_wconf 77' lang='lat' dir='ltr'><strong>Carmentis</strong></span> <span class='ocrx_word' id='word_1_105' title='bbox 496 1767 637 1832; x_wconf 85' lang='lat' dir='ltr'><strong>gressus.</strong></span> <span class='ocrx_word' id='word_1_106' title='bbox 673 1745 840 1811; x_wconf 77' lang='lat' dir='ltr'><strong>Euandria</strong></span> <span class='ocrx_word' id='word_1_107' title='bbox 862 1750 967 1810; x_wconf 90' lang='lat' dir='ltr'><strong>mater</strong></span> 
     </span>
     <span class='ocr_line' id='line_1_19' title="bbox 144 1834 1007 1920; baseline -0.001 -20"><span class='ocrx_word' id='word_1_108' title='bbox 144 1835 235 1901; x_wconf 89' lang='lat' dir='ltr'><strong>Haeo</strong></span> <span class='ocrx_word' id='word_1_109' title='bbox 258 1834 321 1900; x_wconf 77' lang='lat' dir='ltr'><strong>tuit</strong></span> <span class='ocrx_word' id='word_1_110' title='bbox 345 1839 378 1900; x_wconf 92' lang='lat' dir='ltr'><strong>et</strong></span> <span class='ocrx_word' id='word_1_111' title='bbox 399 1840 529 1901; x_wconf 89' lang='lat' dir='ltr'><strong>uestros</strong></span> <span class='ocrx_word' id='word_1_112' title='bbox 551 1835 663 1920; x_wconf 89' lang='lat' dir='ltr'><strong>tetigit</strong></span> <span class='ocrx_word' id='word_1_113' title='bbox 685 1855 846 1920; x_wconf 87' lang='lat' dir='ltr'><strong>praesaga</strong></span> <span class='ocrx_word' id='word_1_114' title='bbox 867 1834 1007 1899; x_wconf 86' lang='lat' dir='ltr'><strong>labores.</strong></span> 
     </span>
     <span class='ocr_line' id='line_1_20' title="bbox 142 1922 1153 2008; baseline -0.001 -19"><span class='ocrx_word' id='word_1_115' title='bbox 142 1923 203 1990; x_wconf 84' lang='lat' dir='ltr'><strong>Uis</strong></span> <span class='ocrx_word' id='word_1_116' title='bbox 217 1927 259 2008; x_wconf 84' lang='lat' dir='ltr'><strong>et,</strong></span> <span class='ocrx_word' id='word_1_117' title='bbox 272 1945 353 2007; x_wconf 86' lang='lat' dir='ltr'><strong>quos</strong></span> <span class='ocrx_word' id='word_1_118' title='bbox 367 1922 528 2007; x_wconf 87' lang='lat' dir='ltr'><strong>Tanaquil</strong></span> <span class='ocrx_word' id='word_1_119' title='bbox 542 1924 654 1988; x_wconf 89' lang='lat' dir='ltr'><strong>uultus</strong></span> <span class='ocrx_word' id='word_1_120' title='bbox 669 1925 785 2008; x_wconf 80' lang='lat' dir='ltr'><strong>gerat?</strong></span> <span class='ocrx_word' id='word_1_121' title='bbox 803 1924 883 1988; x_wconf 89' lang='lat' dir='ltr'><strong>haec</strong></span> <span class='ocrx_word' id='word_1_122' title='bbox 897 1944 1025 2007; x_wconf 88' lang='lat' dir='ltr'><strong>quoque</strong></span> <span class='ocrx_word' id='word_1_123' title='bbox 1044 1925 1153 1988; x_wconf 87' lang='lat' dir='ltr'><strong>castae</strong></span> 
     </span>
     <span class='ocr_line' id='line_1_21' title="bbox 141 2011 892 2096; baseline -0.004 -19"><span class='ocrx_word' id='word_1_124' title='bbox 141 2013 289 2096; x_wconf 85' lang='lat' dir='ltr'><strong>Augurio</strong></span> <span class='ocrx_word' id='word_1_125' title='bbox 312 2012 420 2076; x_wconf 87' lang='lat' dir='ltr'><strong>ualuit</strong></span> <span class='ocrx_word' id='word_1_126' title='bbox 443 2011 560 2077; x_wconf 90' lang='lat' dir='ltr'><strong>mentis</strong></span> <span class='ocrx_word' id='word_1_127' title='bbox 582 2015 786 2095; x_wconf 88' lang='lat' dir='ltr'><strong>uenturaque</strong></span> <span class='ocrx_word' id='word_1_128' title='bbox 810 2011 892 2075; x_wconf 84' lang='lat' dir='ltr'><strong>dixit</strong></span> 
     </span>
     <span class='ocr_line' id='line_1_22' title="bbox 141 2099 1154 2185; baseline -0.001 -20"><span class='ocrx_word' id='word_1_129' title='bbox 141 2100 257 2185; x_wconf 86' lang='lat' dir='ltr'><strong>Regna</strong></span> <span class='ocrx_word' id='word_1_130' title='bbox 281 2100 350 2164; x_wconf 90' lang='lat' dir='ltr'><strong>uiro</strong></span> <span class='ocrx_word' id='word_1_131' title='bbox 374 2104 407 2165; x_wconf 88' lang='lat' dir='ltr'><strong>et</strong></span> <span class='ocrx_word' id='word_1_132' title='bbox 430 2100 560 2165; x_wconf 86' lang='lat' dir='ltr'><strong>dextros</strong></span> <span class='ocrx_word' id='word_1_133' title='bbox 583 2101 718 2184; x_wconf 89' lang='lat' dir='ltr'><strong>agnouit</strong></span> <span class='ocrx_word' id='word_1_134' title='bbox 741 2100 776 2163; x_wconf 92' lang='lat' dir='ltr'><strong>in</strong></span> <span class='ocrx_word' id='word_1_135' title='bbox 800 2100 878 2164; x_wconf 89' lang='lat' dir='ltr'><strong>alite</strong></span> <span class='ocrx_word' id='word_1_136' title='bbox 901 2099 1003 2165; x_wconf 90' lang='lat' dir='ltr'><strong>diuos.</strong></span> <span class='ocrx_word' id='word_1_137' title='bbox 1100 2115 1154 2165; x_wconf 79' lang='lat'><strong>820</strong></span> 
     </span>
     <span class='ocr_line' id='line_1_23' title="bbox 141 2186 930 2272; baseline -0.003 -19"><span class='ocrx_word' id='word_1_138' title='bbox 141 2187 227 2253; x_wconf 82' lang='lat' dir='ltr'><strong>Ecce</strong></span> <span class='ocrx_word' id='word_1_139' title='bbox 250 2186 425 2272; x_wconf 89' lang='lat' dir='ltr'><strong>pudicitiae</strong></span> <span class='ocrx_word' id='word_1_140' title='bbox 447 2188 578 2253; x_wconf 91' lang='lat' dir='ltr'><strong>Latium</strong></span> <span class='ocrx_word' id='word_1_141' title='bbox 603 2188 710 2271; x_wconf 86' lang='lat' dir='ltr'><strong>decus,</strong></span> <span class='ocrx_word' id='word_1_142' title='bbox 733 2187 848 2252; x_wconf 89' lang='lat' dir='ltr'><strong>inclita</strong></span> <span class='ocrx_word' id='word_1_143' title='bbox 871 2188 930 2252; x_wconf 92' lang='lat' dir='ltr'><strong>leti</strong></span> 
     </span>
     <span class='ocr_line' id='line_1_24' title="bbox 102 2272 1059 2361; baseline 0 -21"><span class='ocrx_word' id='word_1_144' title='bbox 102 2274 104 2278; x_wconf 74' lang='grc'><strong>’</strong></span> <span class='ocrx_word' id='word_1_145' title='bbox 142 2275 222 2341; x_wconf 83' lang='lat' dir='ltr'><strong>Fert</strong></span> <span class='ocrx_word' id='word_1_146' title='bbox 244 2276 385 2341; x_wconf 90' lang='lat' dir='ltr'><strong>frontem</strong></span> <span class='ocrx_word' id='word_1_147' title='bbox 409 2280 506 2361; x_wconf 85' lang='lat' dir='ltr'><strong>atque</strong></span> <span class='ocrx_word' id='word_1_148' title='bbox 530 2276 640 2342; x_wconf 87' lang='lat' dir='ltr'><strong>oculos</strong></span> <span class='ocrx_word' id='word_1_149' title='bbox 664 2272 770 2341; x_wconf 82' lang='lat' dir='ltr'><strong>terrae</strong></span> <span class='ocrx_word' id='word_1_150' title='bbox 793 2276 945 2342; x_wconf 88' lang='lat' dir='ltr'><strong>Lucretia</strong></span> <span class='ocrx_word' id='word_1_151' title='bbox 968 2277 1059 2342; x_wconf 83' lang='lat' dir='ltr'><strong>fixos.</strong></span> 
     </span>
     <span class='ocr_line' id='line_1_25' title="bbox 141 2363 1153 2451; baseline 0 -21"><span class='ocrx_word' id='word_1_152' title='bbox 141 2364 174 2430; x_wconf 92' lang='lat' dir='ltr'>N</span> <span class='ocrx_word' id='word_1_153' title='bbox 176 2387 217 2430; x_wconf 90' lang='lat' dir='ltr'><strong>on</strong></span> <span class='ocrx_word' id='word_1_154' title='bbox 237 2365 339 2449; x_wconf 86' lang='lat' dir='ltr'><strong>datur,</strong></span> <span class='ocrx_word' id='word_1_155' title='bbox 357 2364 421 2429; x_wconf 90' lang='lat' dir='ltr'><strong>heu</strong></span> <span class='ocrx_word' id='word_1_156' title='bbox 443 2365 514 2449; x_wconf 87' lang='lat' dir='ltr'><strong>tibi,</strong></span> <span class='ocrx_word' id='word_1_157' title='bbox 527 2363 714 2448; x_wconf 71' lang='lat' dir='ltr'><strong>Romanae</strong></span> <span class='ocrx_word' id='word_1_158' title='bbox 728 2367 788 2447; x_wconf 85' lang='lat' dir='ltr'><strong>est,</strong></span> <span class='ocrx_word' id='word_1_159' title='bbox 803 2364 888 2450; x_wconf 93' lang='lat' dir='ltr'><strong>quod</strong></span> <span class='ocrx_word' id='word_1_160' title='bbox 902 2365 1000 2430; x_wconf 88' lang='lat' dir='ltr'><strong>malle</strong></span> <span class='ocrx_word' id='word_1_161' title='bbox 1017 2364 1153 2451; x_wconf 90' lang='lat' dir='ltr'><strong>deceret,</strong></span> 
     </span>
     <span class='ocr_line' id='line_1_26' title="bbox 141 2452 952 2538; baseline 0 -21"><span class='ocrx_word' id='word_1_162' title='bbox 141 2453 236 2519; x_wconf 89' lang='lat' dir='ltr'><strong>Hanc</strong></span> <span class='ocrx_word' id='word_1_163' title='bbox 259 2453 388 2518; x_wconf 91' lang='lat' dir='ltr'><strong>laudem</strong></span> <span class='ocrx_word' id='word_1_164' title='bbox 410 2453 550 2519; x_wconf 90' lang='lat' dir='ltr'><strong>retinere</strong></span> <span class='ocrx_word' id='word_1_165' title='bbox 574 2452 648 2519; x_wconf 51' lang='lat' dir='ltr'><strong>diua</strong></span> <span class='ocrx_word' id='word_1_166' title='bbox 673 2452 831 2538; x_wconf 84' lang='lat' dir='ltr'><strong>Uerginia</strong></span> <span class='ocrx_word' id='word_1_167' title='bbox 852 2454 952 2536; x_wconf 83' lang='lat' dir='ltr'><strong>iuxta,</strong></span> 
     </span>
    </p>
   </div>
   <div class='ocr_carea' id='block_1_4' title="bbox 131 2677 1155 3516">
    <p class='ocr_par' dir='ltr' id='par_1_4' title="bbox 131 2677 1155 3516">
     <span class='ocr_line' id='line_1_27' title="bbox 213 2677 1152 2750; baseline -0.001 -16"><span class='ocrx_word' id='word_1_168' title='bbox 213 2685 266 2735; x_wconf 92' lang='grc'><strong>800</strong></span> <span class='ocrx_word' id='word_1_169' title='bbox 283 2678 393 2734; x_wconf 90' lang='lat' dir='ltr'><strong>Inuicto</strong></span> <span class='ocrx_word' id='word_1_170' title='bbox 410 2679 490 2734; x_wconf 77' lang='lat' dir='ltr'><strong>Thilo</strong></span> <span class='ocrx_word' id='word_1_171' title='bbox 512 2677 666 2736; x_wconf 73' lang='grc'><strong>10001008</strong></span> <span class='ocrx_word' id='word_1_172' title='bbox 690 2680 724 2735; x_wconf 94' lang='lat' dir='ltr'><strong>In</strong></span> <span class='ocrx_word' id='word_1_173' title='bbox 741 2681 823 2736; x_wconf 88' lang='lat' dir='ltr'><strong>torno</strong></span> <span class='ocrx_word' id='word_1_174' title='bbox 840 2680 886 2734; x_wconf 79' lang='lat' dir='ltr'><strong>uel</strong></span> <span class='ocrx_word' id='word_1_175' title='bbox 903 2677 936 2732; x_wconf 91' lang='lat' dir='ltr'><strong>In</strong></span> <span class='ocrx_word' id='word_1_176' title='bbox 953 2679 1044 2750; x_wconf 90' lang='lat' dir='ltr'><strong>primo</strong></span> <span class='ocrx_word' id='word_1_177' title='bbox 1061 2679 1152 2735; x_wconf 78' lang='lat' dir='ltr'><strong>Heia-</strong></span> 
     </span>
     <span class='ocr_line' id='line_1_28' title="bbox 141 2749 1153 2807; baseline -0.001 -1"><span class='ocrx_word' id='word_1_178' title='bbox 141 2752 201 2806; x_wconf 78' lang='lat' dir='ltr'><strong>sr&#39;us</strong></span> <span class='ocrx_word' id='word_1_179' title='bbox 217 2750 290 2805; x_wconf 89' lang='lat' dir='ltr'><strong>Hinc</strong></span> <span class='ocrx_word' id='word_1_180' title='bbox 307 2749 370 2805; x_wconf 86' lang='lat' dir='ltr'><strong>uiso</strong></span> <span class='ocrx_word' id='word_1_181' title='bbox 384 2750 429 2806; x_wconf 81' lang='lat' dir='ltr'><strong>uel</strong></span> <span class='ocrx_word' id='word_1_182' title='bbox 447 2751 480 2804; x_wconf 91' lang='lat' dir='ltr'><strong>ln</strong></span> <span class='ocrx_word' id='word_1_183' title='bbox 493 2749 577 2806; x_wconf 89' lang='lat' dir='ltr'><strong>Pthio</strong></span> <span class='ocrx_word' id='word_1_184' title='bbox 596 2753 640 2807; x_wconf 80' lang='lat' dir='ltr'><strong>uel</strong></span> <span class='ocrx_word' id='word_1_185' title='bbox 657 2751 689 2806; x_wconf 92' lang='lat' dir='ltr'><strong>In</strong></span> <span class='ocrx_word' id='word_1_186' title='bbox 704 2750 766 2806; x_wconf 89' lang='lat' dir='ltr'><strong>diro</strong></span> <span class='ocrx_word' id='word_1_187' title='bbox 781 2752 830 2807; x_wconf 80' lang='lat' dir='ltr'><strong>uel</strong></span> <span class='ocrx_word' id='word_1_188' title='bbox 842 2749 910 2804; x_wconf 88' lang='lat' dir='ltr'><strong>Inde</strong></span> <span class='ocrx_word' id='word_1_189' title='bbox 927 2749 987 2805; x_wconf 86' lang='lat' dir='ltr'><strong>fero</strong></span> <span class='ocrx_word' id='word_1_190' title='bbox 1001 2751 1153 2806; x_wconf 75' lang='lat' dir='ltr'><strong>Burmann</strong></span> 
     </span>
     <span class='ocr_line' id='line_1_29' title="bbox 140 2821 1150 2890; baseline 0 -14"><span class='ocrx_word' id='word_1_191' title='bbox 140 2823 229 2890; x_wconf 89' lang='lat' dir='ltr'><strong>Inque</strong></span> <span class='ocrx_word' id='word_1_192' title='bbox 247 2837 303 2876; x_wconf 90' lang='lat' dir='ltr'><strong>nno</strong></span> <span class='ocrx_word' id='word_1_193' title='bbox 317 2821 467 2877; x_wconf 71' lang='lat' dir='ltr'><strong>Iriuireiuc</strong></span> <span class='ocrx_word' id='word_1_194' title='bbox 484 2821 545 2876; x_wconf 89' lang='lat' dir='ltr'><strong>Iam</strong></span> <span class='ocrx_word' id='word_1_195' title='bbox 564 2822 640 2878; x_wconf 86' lang='lat' dir='ltr'><strong>claro</strong></span> <span class='ocrx_word' id='word_1_196' title='bbox 657 2825 703 2879; x_wconf 79' lang='lat' dir='ltr'><strong>wel</strong></span> <span class='ocrx_word' id='word_1_197' title='bbox 719 2822 789 2877; x_wconf 88' lang='lat' dir='ltr'><strong>Inde</strong></span> <span class='ocrx_word' id='word_1_198' title='bbox 806 2821 880 2878; x_wconf 87' lang='lat' dir='ltr'><strong>truci</strong></span> <span class='ocrx_word' id='word_1_199' title='bbox 892 2822 938 2876; x_wconf 78' lang='lat' dir='ltr'><strong>uel</strong></span> <span class='ocrx_word' id='word_1_200' title='bbox 956 2821 1014 2876; x_wconf 90' lang='lat' dir='ltr'><strong>acri</strong></span> <span class='ocrx_word' id='word_1_201' title='bbox 1031 2823 1077 2876; x_wconf 79' lang='lat' dir='ltr'><strong>ael</strong></span> <span class='ocrx_word' id='word_1_202' title='bbox 1090 2822 1150 2876; x_wconf 85' lang='lat' dir='ltr'><strong>alto</strong></span> 
     </span>
     <span class='ocr_line' id='line_1_30' title="bbox 146 2891 1155 2962; baseline 0.001 -15"><span class='ocrx_word' id='word_1_203' title='bbox 146 2892 259 2961; x_wconf 72' lang='lat' dir='ltr'><strong>Withof</strong></span> <span class='ocrx_word' id='word_1_204' title='bbox 271 2893 385 2962; x_wconf 90' lang='lat' dir='ltr'><strong>Iamque</strong></span> <span class='ocrx_word' id='word_1_205' title='bbox 403 2891 463 2947; x_wconf 86' lang='lat' dir='ltr'><strong>fero</strong></span> <span class='ocrx_word' id='word_1_206' title='bbox 477 2891 613 2950; x_wconf 70' lang='lat' dir='ltr'><strong>Schrader</strong></span> <span class='ocrx_word' id='word_1_207' title='bbox 630 2895 702 2949; x_wconf 83' lang='lat' dir='ltr'><strong>Ecce</strong></span> <span class='ocrx_word' id='word_1_208' title='bbox 720 2893 782 2948; x_wconf 89' lang='lat' dir='ltr'><strong>uiro</strong></span> <span class='ocrx_word' id='word_1_209' title='bbox 796 2893 930 2960; x_wconf 71' lang='lat' dir='ltr'><strong>Lesabore</strong></span> <span class='ocrx_word' id='word_1_210' title='bbox 948 2892 1023 2946; x_wconf 89' lang='lat' dir='ltr'><strong>Irato</strong></span> <span class='ocrx_word' id='word_1_211' title='bbox 1036 2892 1155 2960; x_wconf 82' lang='lat' dir='ltr'><strong>Hocofft</strong></span> 
     </span>
     <span class='ocr_line' id='line_1_31' title="bbox 140 2963 1155 3034; baseline 0 -15"><span class='ocrx_word' id='word_1_212' title='bbox 140 2964 174 3019; x_wconf 80' lang='lat' dir='ltr'><strong>in</strong></span> <span class='ocrx_word' id='word_1_213' title='bbox 193 2963 283 3020; x_wconf 85' lang='lat' dir='ltr'><strong>Perr‘c.</strong></span> <span class='ocrx_word' id='word_1_214' title='bbox 297 2964 512 3034; x_wconf 76' lang='lat' dir='ltr'><strong>poct.ed.1783</strong></span> <span class='ocrx_word' id='word_1_215' title='bbox 534 2963 567 3019; x_wconf 91' lang='lat' dir='ltr'><strong>In</strong></span> <span class='ocrx_word' id='word_1_216' title='bbox 583 2980 668 3020; x_wconf 86' lang='lat' dir='ltr'><strong>saeuo</strong></span> <span class='ocrx_word' id='word_1_217' title='bbox 683 2964 844 3034; x_wconf 77' lang='lat' dir='ltr'><strong>Peerlkamp</strong></span> <span class='ocrx_word' id='word_1_218' title='bbox 860 2965 942 3031; x_wconf 77' lang='lat' dir='ltr'><strong>(Arre.</strong></span> <span class='ocrx_word' id='word_1_219' title='bbox 957 2964 1000 3017; x_wconf 90' lang='grc' dir='ltr'><strong>ΙΙ.</strong></span> <span class='ocrx_word' id='word_1_220' title='bbox 1010 2979 1041 3032; x_wconf 79' lang='lat' dir='ltr'><strong>p.</strong></span> <span class='ocrx_word' id='word_1_221' title='bbox 1055 2967 1115 3018; x_wconf 82' lang='lat'><strong>263</strong></span> <span class='ocrx_word' id='word_1_222' title='bbox 1125 2966 1155 3031; x_wconf 85' lang='lat' dir='ltr'><strong>b)</strong></span> 
     </span>
     <span class='ocr_line' id='line_1_32' title="bbox 141 3033 1155 3106; baseline -0.001 -18"><span class='ocrx_word' id='word_1_223' title='bbox 141 3033 230 3103; x_wconf 90' lang='lat' dir='ltr'><strong>Inque</strong></span> <span class='ocrx_word' id='word_1_224' title='bbox 248 3035 309 3089; x_wconf 88' lang='lat' dir='ltr'><strong>uiro</strong></span> <span class='ocrx_word' id='word_1_225' title='bbox 324 3035 440 3090; x_wconf 63' lang='lat' dir='ltr'><strong>mesti</strong></span> <span class='ocrx_word' id='word_1_226' title='bbox 457 3035 563 3090; x_wconf 89' lang='lat' dir='ltr'><strong>Immiti</strong></span> <span class='ocrx_word' id='word_1_227' title='bbox 575 3036 697 3106; x_wconf 76' lang='lat' dir='ltr'><strong>Ruperti</strong></span> <span class='ocrx_word' id='word_1_228' title='bbox 713 3035 746 3089; x_wconf 91' lang='lat' dir='ltr'><strong>In</strong></span> <span class='ocrx_word' id='word_1_229' title='bbox 764 3034 864 3105; x_wconf 87' lang='lat' dir='ltr'><strong>rapido</strong></span> <span class='ocrx_word' id='word_1_230' title='bbox 876 3035 961 3090; x_wconf 77' lang='lat' dir='ltr'><strong>Blera</strong></span> <span class='ocrx_word' id='word_1_231' title='bbox 997 3038 1048 3088; x_wconf 84' lang='lat'><strong>801</strong></span> <span class='ocrx_word' id='word_1_232' title='bbox 1069 3049 1155 3088; x_wconf 88' lang='lat' dir='ltr'><strong>nene-</strong></span> 
     </span>
     <span class='ocr_line' id='line_1_33' title="bbox 141 3103 1153 3175; baseline 0.001 -17"><span class='ocrx_word' id='word_1_233' title='bbox 141 3105 287 3174; x_wconf 84' lang='lat' dir='ltr'><strong>randaque</strong></span> <span class='ocrx_word' id='word_1_234' title='bbox 305 3110 329 3157; x_wconf 82' lang='lat' dir='ltr'>V</span> <span class='ocrx_word' id='word_1_235' title='bbox 350 3105 566 3174; x_wconf 84' lang='lat' dir='ltr'><strong>uenerandaque</strong></span> <span class='ocrx_word' id='word_1_236' title='bbox 584 3112 626 3160; x_wconf 72' lang='grc' dir='ltr'><strong>Π·</strong></span> <span class='ocrx_word' id='word_1_237' title='bbox 648 3105 810 3162; x_wconf 85' lang='lat' dir='ltr'><strong>ueneranda</strong></span> <span class='ocrx_word' id='word_1_238' title='bbox 828 3110 846 3158; x_wconf 91' lang='grc'><strong>0</strong></span> <span class='ocrx_word' id='word_1_239' title='bbox 896 3103 1153 3175; x_wconf 70' lang='lat' dir='ltr'><strong>tergeminosque</strong></span> 
     </span>
     <span class='ocr_line' id='line_1_34' title="bbox 141 3173 1152 3247; baseline 0 -17"><span class='ocrx_word' id='word_1_240' title='bbox 141 3175 320 3245; x_wconf 76' lang='lat' dir='ltr'><strong>Duosquer&#39;os</strong></span> <span class='ocrx_word' id='word_1_241' title='bbox 337 3173 465 3244; x_wconf 81' lang='lat' dir='ltr'><strong>geminos</strong></span> <span class='ocrx_word' id='word_1_242' title='bbox 478 3175 537 3230; x_wconf 87' lang='lat' dir='ltr'><strong>iam</strong></span> <span class='ocrx_word' id='word_1_243' title='bbox 555 3179 667 3247; x_wconf 86' lang='lat' dir='ltr'><strong>spectat</strong></span> <span class='ocrx_word' id='word_1_244' title='bbox 674 3177 811 3232; x_wconf 78' lang='lat' dir='ltr'><strong>Heinsius</strong></span> <span class='ocrx_word' id='word_1_245' title='bbox 829 3176 956 3245; x_wconf 76' lang='lat' dir='ltr'><strong>geminos</strong></span> <span class='ocrx_word' id='word_1_246' title='bbox 971 3178 1000 3230; x_wconf 86' lang='lat' dir='ltr'><strong>ct</strong></span> <span class='ocrx_word' id='word_1_247' title='bbox 1014 3192 1055 3245; x_wconf 85' lang='lat' dir='ltr'><strong>sp.</strong></span> <span class='ocrx_word' id='word_1_248' title='bbox 1066 3175 1152 3230; x_wconf 80' lang='lat' dir='ltr'><strong>Liui-</strong></span> 
     </span>
     <span class='ocr_line' id='line_1_35' title="bbox 140 3245 1153 3316; baseline 0 -15"><span class='ocrx_word' id='word_1_249' title='bbox 140 3247 220 3301; x_wconf 78' lang='lat' dir='ltr'><strong>neius</strong></span> <span class='ocrx_word' id='word_1_250' title='bbox 239 3275 272 3286; x_wconf 89' lang='lat'>-</span> <span class='ocrx_word' id='word_1_251' title='bbox 291 3248 440 3315; x_wconf 80' lang='lat' dir='ltr'><strong>aspectans</strong></span> <span class='ocrx_word' id='word_1_252' title='bbox 457 3248 542 3316; x_wconf 75' lang='grc'><strong>00090</strong></span> <span class='ocrx_word' id='word_1_253' title='bbox 595 3254 647 3304; x_wconf 85' lang='grc'><strong>809</strong></span> <span class='ocrx_word' id='word_1_254' title='bbox 666 3264 752 3302; x_wconf 86' lang='lat' dir='ltr'><strong>nurus</strong></span> <span class='ocrx_word' id='word_1_255' title='bbox 769 3252 793 3299; x_wconf 81' lang='lat' dir='ltr'>V</span> <span class='ocrx_word' id='word_1_256' title='bbox 814 3245 903 3302; x_wconf 84' lang='lat' dir='ltr'><strong>mirus</strong></span> <span class='ocrx_word' id='word_1_257' title='bbox 921 3251 984 3299; x_wconf 70' lang='grc' dir='ltr'><strong>ΠΟ</strong></span> <span class='ocrx_word' id='word_1_258' title='bbox 1035 3247 1153 3301; x_wconf 86' lang='grc'><strong>81410-</strong></span> 
     </span>
     <span class='ocr_line' id='line_1_36' title="bbox 141 3314 1153 3389; baseline 0.001 -18"><span class='ocrx_word' id='word_1_259' title='bbox 141 3314 285 3384; x_wconf 88' lang='lat' dir='ltr'><strong>trauitque</strong></span> <span class='ocrx_word' id='word_1_260' title='bbox 308 3321 394 3370; x_wconf 68' lang='grc'><strong>00010</strong></span> <span class='ocrx_word' id='word_1_261' title='bbox 425 3317 625 3387; x_wconf 82' lang='lat' dir='ltr'><strong>Lustrouitquc</strong></span> <span class='ocrx_word' id='word_1_262' title='bbox 648 3323 705 3389; x_wconf 81' lang='lat' dir='ltr'><strong>ov,</strong></span> <span class='ocrx_word' id='word_1_263' title='bbox 732 3319 806 3373; x_wconf 79' lang='lat' dir='ltr'><strong>uode</strong></span> <span class='ocrx_word' id='word_1_264' title='bbox 826 3317 857 3374; x_wconf 86' lang='lat' dir='ltr'><strong>L.</strong></span> <span class='ocrx_word' id='word_1_265' title='bbox 877 3333 971 3373; x_wconf 87' lang='lat' dir='ltr'><strong>casam</strong></span> <span class='ocrx_word' id='word_1_266' title='bbox 993 3318 1079 3388; x_wconf 75' lang='lat' dir='ltr'><strong>uulqo</strong></span> <span class='ocrx_word' id='word_1_267' title='bbox 1106 3315 1153 3372; x_wconf 91' lang='lat' dir='ltr'><strong>In-</strong></span> 
     </span>
     <span class='ocr_line' id='line_1_37' title="bbox 141 3385 1152 3456; baseline 0 -16"><span class='ocrx_word' id='word_1_268' title='bbox 141 3385 300 3456; x_wconf 84' lang='lat' dir='ltr'><strong>strauitque</strong></span> <span class='ocrx_word' id='word_1_269' title='bbox 323 3403 404 3443; x_wconf 81' lang='grc'><strong>00000</strong></span> <span class='ocrx_word' id='word_1_270' title='bbox 428 3389 544 3446; x_wconf 79' lang='lat' dir='ltr'><strong>Morsus</strong></span> <span class='ocrx_word' id='word_1_271' title='bbox 561 3406 630 3446; x_wconf 89' lang='lat' dir='ltr'><strong>-c</strong></span> <span class='ocrx_word' id='word_1_272' title='bbox 653 3389 785 3446; x_wconf 81' lang='lat' dir='ltr'><strong>stramine</strong></span> <span class='ocrx_word' id='word_1_273' title='bbox 807 3394 831 3440; x_wconf 80' lang='lat' dir='ltr'><strong>v</strong></span> <span class='ocrx_word' id='word_1_274' title='bbox 856 3388 1011 3443; x_wconf 85' lang='lat' dir='ltr'><strong>extramine</strong></span> <span class='ocrx_word' id='word_1_275' title='bbox 1034 3392 1095 3440; x_wconf 65' lang='grc'><strong>000</strong></span> <span class='ocrx_word' id='word_1_276' title='bbox 1115 3419 1152 3429; x_wconf 96' lang='grc'><strong>-</strong></span> 
     </span>
     <span class='ocr_line' id='line_1_38' title="bbox 131 3458 1154 3516; baseline 0.006 -8"><span class='ocrx_word' id='word_1_277' title='bbox 131 3458 254 3510; x_wconf 70' lang='lat' dir='ltr'><strong>fluctum</strong></span> <span class='ocrx_word' id='word_1_278' title='bbox 274 3463 294 3511; x_wconf 88' lang='grc'><strong>0</strong></span> <span class='ocrx_word' id='word_1_279' title='bbox 311 3459 434 3515; x_wconf 78' lang='lat' dir='ltr'><strong>fulcrum</strong></span> <span class='ocrx_word' id='word_1_280' title='bbox 447 3465 471 3511; x_wconf 81' lang='lat' dir='ltr'><strong>v</strong></span> <span class='ocrx_word' id='word_1_281' title='bbox 543 3465 596 3516; x_wconf 80' lang='grc'><strong>817</strong></span> <span class='ocrx_word' id='word_1_282' title='bbox 615 3463 726 3516; x_wconf 83' lang='lat' dir='ltr'><strong>nostros</strong></span> <span class='ocrx_word' id='word_1_283' title='bbox 745 3465 762 3514; x_wconf 80' lang='grc'><strong>8</strong></span> <span class='ocrx_word' id='word_1_284' title='bbox 781 3489 816 3503; x_wconf 91' lang='lat'><em>-</em></span> <span class='ocrx_word' id='word_1_285' title='bbox 834 3459 937 3515; x_wconf 89' lang='lat' dir='ltr'><strong>cecinit</strong></span> <span class='ocrx_word' id='word_1_286' title='bbox 953 3459 1154 3515; x_wconf 73' lang='lat' dir='ltr'><strong>Drakenborch</strong></span> 
     </span>
    </p>
   </div>
   <div class='ocr_carea' id='block_1_5' title="bbox 117 3529 980 3608">
    <p class='ocr_par' dir='ltr' id='par_1_5' title="bbox 117 3529 980 3608">
     <span class='ocr_line' id='line_1_39' title="bbox 117 3529 980 3608; baseline -0.008 -16"><span class='ocrx_word' id='word_1_287' title='bbox 117 3550 158 3562; x_wconf 84' lang='grc'><strong>-</strong></span> <span class='ocrx_word' id='word_1_288' title='bbox 171 3542 322 3598; x_wconf 64' lang='lat' dir='ltr'><strong>memo</strong></span> <span class='ocrx_word' id='word_1_289' title='bbox 342 3537 362 3584; x_wconf 69' lang='grc' dir='ltr'><em>Β</em></span> <span class='ocrx_word' id='word_1_290' title='bbox 435 3535 491 3590; x_wconf 79' lang='lat'><strong>824</strong></span> <span class='ocrx_word' id='word_1_291' title='bbox 506 3531 645 3608; x_wconf 81' lang='lat' dir='ltr'><strong>Uerginia</strong></span> <span class='ocrx_word' id='word_1_292' title='bbox 663 3537 722 3588; x_wconf 75' lang='grc'><strong>000</strong></span> <span class='ocrx_word' id='word_1_293' title='bbox 747 3529 881 3605; x_wconf 71' lang='lat' dir='ltr'><strong>Uirginis.</strong></span> <span class='ocrx_word' id='word_1_294' title='bbox 895 3531 980 3601; x_wconf 78' lang='lat' dir='ltr'><strong>aulqo</strong></span> 
     </span>
    </p>
   </div>
   <div class='ocr_carea' id='block_1_6' title="bbox 0 0 1224 3924">
    <p class='ocr_par' dir='ltr' id='par_1_6' title="bbox 0 0 1224 3924">
     <span class='ocr_line' id='line_1_40' title="bbox 0 0 1224 3924; baseline 0 1"><span class='ocrx_word' id='word_1_295' title='bbox 0 0 1224 3924; x_wconf 95' lang='lat' dir='ltr'><strong> </strong></span> 
     </span>
    </p>
   </div>
  </div>
 </body>
</html>
