2438 3924
38 162 80 226 42
435 158 504 214 sni
522 157 653 214 immor

81 323 235 389 Instincti
258 323 442 408 glomerant
466 343 605 408 gressus.
642 322 747 386 Roma
772 321 909 386 auribus
933 321 1061 408 haeret,

36 413 142 478 Roma
165 412 276 477 oculis.
313 411 511 496 creduntque
534 411 626 476 ducis
650 409 840 476 sollertibus
864 410 954 476 actis

38 502 157 586 Aptius
180 501 214 565 id
238 506 399 587 coeptum,
422 522 520 584 quam
544 500 573 565 si
596 499 742 564 duxisset
765 499 806 564 ab
830 497 907 582 ipso
1009 515 1058 567 520

38 590 147 655 Fatali
168 589 330 655 Aeneadis
354 611 477 673 campo.
515 588 678 653 Uulturna
703 588 803 653 citata

39 679 241 745 Tramittunt
265 679 340 743 alno
363 677 449 742 uada
470 677 691 762 postremique
714 677 907 760 relinquunt

40 767 221 832 Tardandis
243 766 338 832 Italis
362 770 532 848 corruptas
555 766 632 851 igne
656 767 792 831 carinas.

39 856 123 921 Tum
148 854 291 921 Sidicina
313 855 427 939 legunt
450 854 633 938 pernicibus
658 877 737 918 arua
760 855 920 941 maniplis

38 944 282 1027 Threiciamque
306 942 415 1024 Galen,
437 947 563 1008 uestras
588 966 607 1007 a
628 943 761 1008 nomine
782 945 863 1030 nati,
1009 962 1060 1013 525
1103 990 1104 999 .

39 1032 200 1117 Orithyia,
223 1032 347 1096 domos.
382 1031 458 1097 hinc
482 1031 646 1096 Allifanus
668 1031 786 1098 Iaccho

39 1121 136 1186 Haud
159 1121 323 1185 inamatus
348 1141 426 1206 ager
448 1121 665 1206 nymphisque
688 1121 839 1187 habitata
862 1119 1001 1190 Casinis

41 1210 132 1275 Rura
156 1212 360 1292 euastantn13
383 1231 460 1274 mox
483 1214 516 1274 et
538 1210 665 1275 uicinus
689 1210 836 1294 Aquinas

41 1299 96 1381 Et,
120 1321 202 1383 quae
224 1296 409 1363 fumantem
429 1302 537 1362 texere
561 1299 708 1384 giganta,
730 1297 901 1384 Fregellae

40 1387 183 1472 Agmine
207 1392 383 1471 carpuntur
405 1386 541 1453 uolucri.
577 1388 642 1451 fert
666 1387 811 1453 concitus
833 1387 912 1452 inde
1010 1405 1063 1463 550

41 1476 105 1540 Per
127 1476 205 1562 iuga
228 1477 315 1540 celsa
337 1475 483 1561 gradum,
506 1475 596 1540 duris
620 1498 684 1560 qua
707 1475 842 1561 rupibus
866 1476 992 1544 haeret

40 1565 149 1629 Bellet
135 1568 187 1630 tor
210 1563 418 1651 Frusino,t
385 1568 418 1629 et
441 1566 548 1648 surgit
572 1586 731 1649 suspensa
755 1565 895 1630 tumenti

41 1653 148 1718 Dorso
171 1653 339 1739 frugiferis
352 1614 506 1720 Cerealis
529 1652 683 1755 Anagnia
705 1654 818 1740 glebis.

41 1742 175 1827 Iamque
200 1744 280 1808 adeo
304 1747 355 1807 est
377 1764 509 1826 campos
532 1742 700 1826 ingressus
725 1746 757 1807 et
781 1764 861 1807 arua
883 1741 1017 1831 Labici,

43 1830 209 1915 Linquens
234 1831 391 1915 Telegoni
413 1832 562 1916 pulsatos
587 1830 688 1896 ariete
710 1853 831 1913 muros,
1010 1849 1063 1900 555

43 1919 139 1985 Haud
154 1920 286 2022 dignam
300 1921 386 1984 inter
399 1922 492 1984 tanta
506 1941 640 1984 moram
668 1941 728 1985 neo
742 1941 880 1985 amoena
888 1923 1066 1989 retentant

44 2008 163 2093 Algida
186 2030 246 2073 nec
269 2009 360 2072 iuxta
324 2007 516 2072 taIunonis
539 2011 628 2072 tecta
650 2007 806 2073 Gabinae.
902 2035 906 2043 ·

45 2097 204 2179 Praeceps
229 2096 270 2161 ad
292 2097 380 2180 ripas
404 2096 539 2160 immani
563 2097 693 2162 turbine
715 2097 828 2180 fertur,

46 2183 237 2268 Sulphureis
261 2185 388 2268 gelidus
412 2206 477 2269 qua
500 2186 602 2268 serpit
625 2185 742 2251 leniter
765 2183 860 2251 undis

44 2272 96 2337 Ad
111 2273 293 2356 genitorem
304 2273 400 2357 Anio,
413 2274 526 2338 labens
541 2274 610 2338 sine
624 2296 798 2359 murmure,
811 2273 986 2359 Thybrim.
1011 2293 1066 2345 500

88 2361 211 2427 Hict
174 2364 211 2425 ut
234 2361 329 2447 signa
352 2360 444 2427 ferox
468 2362 675 2447 dimensaque
698 2367 769 2429 cast
770 2386 807 2427 ra
755 2363 958 2431 tlocauit

42 2449 137 2513 Et'
111 2471 199 2534 rrpas
223 2450 404 2515 tremefecit
427 2473 534 2536 eques,
556 2452 732 2536 perterrita
754 2453 859 2537 pulsis

45 2537 108 2603 Ilia
131 2538 238 2621 prima
260 2538 354 2603 uadis
379 2560 471 2605 sacro
495 2563 529 2605 se
553 2541 701 2626 coniugis
725 2546 817 2606 antro

44 2624 207 2710 Condidit,
184 2631 264 2692 tet
287 2630 420 2693 cunctae
443 2627 600 2730 fugerunt
623 2629 752 2715 gurgite
774 2628 953 2714 nymphae.
1068 2644 1073 2651 '

44 2716 92 2780 At
114 2719 184 2781 mat
185 2678 236 2781 rbs
259 2715 385 2801 Latiae,
408 2737 466 2781 ceu
489 2719 617 2781 moenia
638 2718 729 2782 nulla
753 2717 928 2804 supersint,
1011 2734 1067 2789 545

47 2805 216 2871 Attonitae
238 2806 362 2889 passim
384 2804 567 2871 furibundis
592 2807 756 2891 gressibus
781 2809 902 2872 errant.

45 2892 133 2959 Ante
157 2895 269 2960 oculos
293 2896 406 2959 astant
428 2893 554 2959 lacerae
576 2895 815 2979 trepidantibus
839 2895 990 2983 umbrae,

118 3107 169 3157 518
188 3103 472 3159 lustrationem
496 3102 629 3158 Instructi
645 3104 869 3160 adclamarunt
906 3108 963 3162 520
976 3124 1069 3188 quarn

48 3173 72 3227 si
90 3174 202 3229 emal
312 3180 363 3229 522
383 3175 448 3230 alno
468 3175 575 3229 omer
601 3174 700 3229 aluos
809 3180 861 3229 525
880 3173 1007 3247 orythia
1023 3184 1071 3235 u

49 3243 160 3299 Orithia
179 3249 274 3296 ov-
293 3245 439 3300 Aelifanus
458 3251 494 3300 00
509 3245 595 3328 (ΤΡ.
610 3251 682 3314 215)
721 3251 773 3301 527
793 3245 936 3303 inamatus
950 3250 1068 3308 carl.

47 3346 80 3357 -
99 3333 187 3385 nymp
189 3313 278 3370 hish.
298 3315 406 3372 Casinis
425 3321 462 3370 ch
490 3315 613 3372 casinis
721 3323 773 3372 520
795 3317 832 3371 Et
850 3321 894 3370 ov
920 3316 964 3374 At
981 3326 1069 3377 (tm

48 3387 89 3442 Ac
107 3387 294 3442 Heinsius—
313 3387 447 3457 fregellas
465 3393 486 3440 1.
514 3387 650 3457 fragellas
668 3393 733 3441 rov
842 3394 893 3443 531
913 3390 1012 3450 thum
1029 3398 1070 3449 ⁰1

50 3464 102 3513 534
120 3455 227 3527 habyci
245 3463 281 3510 05
353 3464 404 3514 olo
425 3462 613 3529 super-sunta
694 3460 1071 3523 arctissimarum

47 3531 165 3586 Heinsio
180 3531 306 3600 proxime
323 3533 447 3601 sequenti
459 3532 629 3600 postpositas
646 3536 707 3587 erat
