2438 3924
149 169 215 234 114
539 167 607 223 SILI
624 166 759 223 ITALIOI

147 332 312 398 Barbarus
335 331 473 396 immani
496 352 566 395 cum
591 330 719 395 territet
743 329 855 394 accola
878 329 954 411 ritu,
1117 349 1169 397 170

150 423 314 505 Antiquae
337 441 461 484 morem
484 419 612 502 patriae
635 418 821 502 cultumque
842 416 1060 503 habitumque

148 510 286 575 Phocais
311 509 479 573 armiferas
502 508 589 571 inter
610 512 702 572 tenet
724 505 856 590 hospita
876 512 1002 591 gentes.

147 597 235 663 Hinc
258 599 340 684 legit
362 595 528 661 Ausonius
552 596 699 660 sinuatos
723 595 853 679 gurgite
877 595 993 659 ductor

146 688 324 752 Anfractus
348 684 466 770 pelagi.
501 705 674 749 nemoroso
696 684 819 747 uertice
842 683 947 748 celsus

147 777 296 861 Apparet
319 773 421 857 collis,
443 771 638 856 fugiuntque
659 771 696 835 in
717 771 833 835 nubile
855 771 958 836 siluae
1117 790 1167 840 175

148 864 304 948 Pyrenes3
325 867 404 928 tunc
426 860 603 944 Emporiae
626 863 818 943 ueteresque
842 881 900 942 per
923 865 1015 925 ortus

147 951 321 1017 Graiorum
343 950 473 1034 uulgus,
496 953 574 1015 tunc
596 948 728 1031 hospita
749 947 890 1013 Tarraco
914 947 1058 1014 Baccho.

149 1039 330 1106 Considunt
351 1041 458 1122 portu.
496 1059 628 1102 securae
652 1036 784 1122 gurgite
807 1036 918 1102 clauso

147 1126 245 1192 Stant
268 1148 403 1211 puppes,
425 1125 615 1210 positusque
639 1126 734 1189 labor
756 1128 923 1209 terrorque
946 1125 1115 1210 profundi.

190 1216 266 1281 Nox
285 1215 407 1280 similes
421 1214 522 1278 morti
535 1214 669 1278 dederat
687 1213 911 1297 placidissima
929 1234 1080 1280 somnos:
1113 1233 1163 1283 180

148 1305 230 1371 Uisa
252 1305 324 1369 uiro
348 1306 436 1368 stare
460 1302 586 1388 effigies
610 1305 685 1366 ante
709 1322 766 1365 ora
788 1303 934 1386 parentis

145 1395 254 1477 Atque
277 1391 340 1456 hac
364 1394 498 1476 aspectu
521 1391 690 1456 turbatum
713 1411 793 1455 uoce
816 1411 961 1455 monere:

146 1481 258 1566 ‘Nate
281 1481 370 1545 salus
395 1480 559 1564 quondam
582 1479 750 1563 genitoris,
772 1484 857 1562 nate,
880 1479 1028 1562 parentis

146 1570 191 1634 Et
213 1568 384 1654 postlata
407 1569 514 1651 decus,
536 1568 698 1632 bellorum
722 1567 793 1630 dira
815 1568 956 1632 creatrix

145 1659 337 1723 Euastanda
359 1657 422 1721 tibi
444 1657 554 1740 tellus,
578 1659 610 1720 et
633 1654 729 1721 caede
753 1655 885 1737 superbi
1115 1674 1165 1724 185

146 1747 309 1811 Ductores
332 1745 457 1829 Libyae
481 1748 577 1811 cauta
600 1745 723 1808 uirtute
747 1744 908 1827 domandi,

147 1834 210 1912 Qui
234 1857 293 1899 sua
315 1855 401 1898 nunc
423 1833 520 1898 trinis
543 1833 699 1898 diducunt
721 1833 853 1917 agmina
876 1833 1001 1897 castris.

148 1923 184 1989 Si
207 1924 354 1989 conferre
377 1944 509 1986 manum
533 1921 643 2004 libeat,
666 1925 844 2005 coeantque
867 1927 1001 1985 uocatae

146 2011 234 2076 Hinc
258 2015 356 2094 etque
379 2010 456 2075 hinc
479 2008 574 2093 acies,
596 2010 707 2073 ualeat
730 2009 801 2093 quis
825 2010 909 2074 ferre
931 2011 1059 2075 ruentis

148 2099 342 2184 Tergemina
366 2120 439 2162 oum
463 2099 548 2162 mole
571 2097 682 2163 uiros?
714 2099 837 2162 absiste
860 2098 973 2162 labore
1116 2117 1166 2167 190

145 2188 302 2273 Ancipiti,
325 2187 380 2251 sed
403 2207 463 2250 neo
487 2185 596 2270 segnia
618 2187 749 2270 potiora
771 2207 912 2271 capesse.

144 2275 231 2342 Urbs
256 2275 383 2358 colitur,
404 2273 528 2339 Teucro
554 2275 717 2358 qnondam
740 2274 877 2338 fundata
899 2278 1042 2359 uetusto,

145 2363 286 2428 Nomine
309 2361 486 2448 Carthago.
522 2362 642 2447 Tyrius
665 2367 757 2427 tenet
778 2363 885 2428 incola
908 2385 1028 2428 muros.

143 2453 191 2519 Ut
212 2452 334 2537 Libyae
358 2474 426 2535 sua,
448 2452 495 2516 sic
517 2452 616 2515 terris
639 2452 853 2516 memorabile
875 2451 1010 2516 Hiberis

141 2540 232 2606 Haec
255 2543 351 2624 caput
374 2546 432 2604 est.
467 2561 533 2604 non
556 2540 625 2604 ulla
648 2540 764 2622 opibus
788 2540 962 2604 certauerit
985 2541 1068 2625 auri,
1103 2560 1156 2609 195

142 2629 217 2695 Non
239 2632 336 2712 portu
359 2629 487 2694 celsoue
511 2628 585 2711 situ,
607 2649 675 2692 non
697 2628 829 2692 dotibus
853 2628 924 2692 arui

142 2718 259 2784 Uberis
283 2721 340 2782 aut
362 2717 441 2801 agili
462 2715 652 2781 fabricanda
675 2716 716 2780 ad
739 2716 807 2780 tela
830 2716 953 2801 uigore.

146 2807 266 2872 Inuade
289 2806 424 2889 auersis,
445 2809 533 2888 nate,
554 2805 640 2871 hanc
663 2805 854 2869 ductoribus
875 2805 999 2869 urbem.

145 2894 246 2961 Nulla
270 2895 355 2960 acies
379 2893 487 2958 famae
510 2896 639 2957 tantum
661 2892 842 2978 praedaeue
864 2891 1010 2977 pararit?

216 3037 266 3088 170
288 3031 319 3084 in
342 3029 419 3085 mani
441 3036 462 3082 1³
489 3030 520 3085 in
543 3031 630 3085 imam
653 3036 696 3082 LV
724 3029 841 3085 mimam
864 3037 883 3085 0
904 3062 934 3073 -
956 3048 1021 3087 cum
1046 3033 1166 3090 territet

144 3109 188 3155 cm
207 3104 224 3158 7.
243 3105 260 3158 l.
285 3105 351 3157 tunc
370 3101 482 3156 territet
500 3107 519 3155 0
565 3105 615 3156 171
635 3103 798 3169 cultumque
817 3108 861 3155 cm
880 3105 897 3158 1,
912 3104 930 3159 l.
954 3102 1105 3172 cultusque
1119 3112 1162 3158 121²

143 3174 289 3228 cultumo
318 3173 452 3228 cultusv
527 3179 576 3228 172
596 3171 743 3226 armiferas
761 3179 805 3225 cm
822 3173 879 3242 Ep.
894 3179 979 3230 1158
999 3175 1163 3231 armisonae

143 3245 227 3315 culpo
272 3249 322 3299 173
342 3244 468 3299 sinuatae
487 3248 530 3296 07
575 3248 626 3298 188
645 3244 776 3312 aspectus
794 3243 1102 3302 Heinsius-mouere
1118 3253 1162 3301 07

147 3321 197 3370 181
217 3315 297 3370 clade
314 3315 402 3370 Bothe
495 3320 546 3370 187
566 3313 710 3382 diducunt,
729 3319 761 3368 ut
778 3317 849 3371 coni.
863 3315 999 3371 Edonus
1016 3321 1083 3369 Lrv
1112 3320 1162 3374 de

65 3454 68 3458 ¹
145 3387 289 3440 ducunto
398 3391 449 3441 188
472 3387 598 3442 conferre
621 3402 736 3440 manum
753 3390 790 3438 cn
808 3417 841 3428 -
861 3385 948 3440 liceat
969 3386 1108 3444 Hancine
1127 3420 1162 3430 -

143 3457 274 3528 uocatae]
294 3458 411 3512 coactae
429 3458 500 3512 idem
588 3463 637 3511 193
656 3454 777 3511 Nomine
796 3462 833 3510 ch
923 3462 975 3512 190
992 3456 1045 3512 illa
1062 3459 1164 3517 Daua-

143 3530 238 3598 quana
256 3560 290 3569 -
310 3527 384 3598 auri]
403 3526 467 3582 urbi
485 3529 530 3583 uel
547 3532 598 3583 aut
614 3527 645 3581 ui
662 3527 799 3583 Hebeaica
871 3533 923 3583 198
942 3527 1070 3585 aduersis
1087 3538 1107 3585 β
