2438 3924
401 149 618 207 PUNIOORUM
636 150 747 206 LIBER
764 152 824 206 XV.
1048 153 1112 218 109

100 312 216 378 Altera
239 311 492 377 Achaemenium
516 311 664 396 spirabat
686 313 807 378 uertice
831 312 972 398 odorem,

100 395 294 466 Ambrosias
318 400 433 465 diffusa
457 422 566 465 comas
589 405 623 465 et
645 405 737 466 ueste
759 401 934 487 refulgens,
1027 477 1029 482 ,

101 489 236 554 Ostrum
260 511 324 573 qua
345 488 437 553 fuluo
461 489 597 572 Tyrium
620 489 799 554 suffuderat
823 511 914 574 auro3
1079 507 1111 556 25

101 577 223 642 Fronte
247 577 343 642 decor
365 577 532 661 quaesitus
556 599 624 661 acu,
647 577 836 661 lasciuaque
859 578 989 644 crebras

101 665 247 749 Ancipiti
272 669 363 730 motu
385 665 549 731 iaciebant
571 665 695 730 lumina
717 666 877 731 flammas.

101 753 246 817 Alterius
270 753 382 836 dispar
405 753 550 819 habitusr
573 754 665 818 frons
687 753 776 818 hirta
798 776 858 819 nec
881 776 1036 838 umquam

101 839 293 925 Gomposita
315 845 443 906 mutata
467 863 573 925 coma3
598 846 691 906 stans
713 842 835 920 uultus,
859 847 891 906 et
914 863 969 907 ore

102 928 299 1013 incessuque
321 930 393 995 uiro
416 929 550 1014 propior
572 929 715 1014 laetique
737 930 881 1015 pudoris,
1077 946 1112 995 ao

101 1015 197 1082 Celsa
219 1018 373 1083 humeros
395 1018 509 1083 niueae
531 1018 681 1103 fulgebat
704 1019 843 1083 stamine
866 1018 982 1103 pallae.

145 1104 292 1190 Occupat
314 1106 388 1171 inde
411 1107 510 1190 prior,
533 1107 704 1191 promissis
727 1107 796 1185 fisa,
820 1105 995 1190 Uoluptas:

101 1191 196 1269 ‘Quis
219 1195 312 1259 furor
334 1194 397 1276 hic,
419 1217 486 1260 non
509 1195 606 1281 digne
629 1217 719 1279 puer,
743 1216 931 1261 consumere
953 1194 1040 1259 bello

100 1280 233 1347 Florem
257 1282 351 1348 aeui?
376 1281 548 1349 Cannaene
570 1283 633 1348 tibi
656 1283 852 1368 grauiorque
874 1282 992 1367 palude

100 1368 268 1435 Maeonius
292 1368 409 1456 Stygia
431 1372 520 1437 lacus
544 1393 708 1437 excessere
731 1369 925 1454 Padusque?
1077 1385 1111 1436 35

102 1457 204 1533 Quem
227 1458 360 1524 tandem
383 1460 423 1524 ad
446 1460 542 1524 finem
564 1459 716 1524 bellando
738 1460 809 1523 fata
832 1458 993 1523 lacesses?
1148 1466 1153 1474 '

101 1545 192 1611 Tune
216 1547 316 1611 etiam
339 1550 466 1612 tentare
489 1568 586 1632 paras
606 1546 775 1612 Atlantica
797 1566 900 1632 regna

101 1632 317 1719 Sidoniasque
341 1635 477 1700 domos?
506 1655 631 1716 moneo,
653 1638 778 1699 certare
801 1635 930 1718 periclis

101 1722 220 1787 Desine
245 1727 277 1787 et
301 1724 484 1788 armisonae
508 1726 607 1807 caput
629 1723 791 1787 obiectare
815 1722 987 1805 procellae.

101 1810 146 1874 Ni
168 1811 256 1895 fugis
280 1811 341 1875 hos
363 1811 456 1893 ritus,
480 1808 595 1875 Uirtus
617 1813 650 1873 te
675 1832 772 1874 saeua
794 1809 921 1875 iubebit
1077 1828 1111 1877 40

100 1897 163 1962 Per
187 1897 310 1962 medias
333 1897 472 1962 uolitare
496 1898 581 1963 acies
604 1898 791 1983 mediosque
814 1920 872 1981 per
894 1897 989 1982 ignis.

101 1981 191 2050 Haec
215 1989 341 2070 patrem
359 1990 575 2071 patruumque
598 1989 682 2070 tuos,
704 1986 785 2051 haee
807 1985 945 2071 prodiga
963 1985 1112 2068 Paulum,

101 2071 191 2138 Haec
214 2073 332 2139 Decios
356 2071 488 2159 Stygias
510 2073 611 2139 Erebi
635 2075 774 2140 detrusit
797 2074 838 2138 ad
860 2074 971 2156 undas,

101 2160 187 2226 Dum
211 2162 312 2228 cineri
334 2163 465 2227 titulum
489 2164 760 2246 memorandaque
782 2164 917 2227 nomina
940 2161 1045 2227 bustis

101 2249 287 2315 Praetendit
309 2272 369 2314 nec
392 2272 554 2334 sensurae,
578 2251 663 2336 quod
687 2251 834 2337 gesserit,
857 2251 999 2315 umbrae.
1077 2266 1110 2314 45

101 2338 147 2401 At
170 2339 198 2402 si
221 2360 272 2402 me
295 2339 459 2424 comitere,
481 2362 571 2425 puer,
593 2362 660 2405 non
682 2340 787 2405 limite
811 2340 891 2403 duro

102 2425 171 2489 lam
193 2426 256 2490 tibi
280 2426 429 2492 decurrat
452 2428 596 2493 concessi
619 2429 775 2511 temporis
799 2431 898 2492 aetas.

103 2512 198 2577 Haud
222 2536 376 2598 umquam
400 2516 543 2599 trepidos
568 2517 739 2600 abrumpet
761 2517 880 2580 bucina
904 2536 1050 2598 somnos3
1125 2595 1127 2599 7

101 2600 178 2666 Non
202 2603 342 2688 glaciem
364 2603 531 2686 Arctoam,
554 2626 618 2668 non
642 2604 803 2687 experiere
826 2603 963 2667 furentis

102 2691 260 2755 Ardorem
285 2689 401 2756 Cancri
423 2714 482 2758 nee
505 2713 633 2756 mensas
658 2714 752 2774 saepe
776 2696 907 2756 cruento
1079 2706 1112 2753 50

102 2777 256 2843 Gramine
280 2780 489 2864 compositas3
523 2781 661 2844 aberunt
685 2781 755 2844 sitis
780 2800 895 2861 aspera
919 2782 951 2841 et
974 2779 1111 2842 haustus

102 2863 168 2930 Sub
192 2868 285 2952 galea
308 2869 416 2950 puluis
440 2868 590 2953 partique
613 2870 728 2932 timore
756 2867 898 2949 labores3

172 3081 207 3130 25
231 3091 304 3143 quae
329 3075 437 3130 Gronov
546 3081 589 3129 29.
609 3081 643 3128 30
667 3091 715 3128 ora
733 3074 915 3140 incessusque
936 3075 1113 3140 Duucsquea‘us

105 3152 138 3201 37
158 3147 325 3200 atlantica!
344 3144 530 3200 athlanticaL
549 3145 718 3198 adianticao
739 3144 774 3196 ad
793 3144 930 3197 lauticav
976 3148 1010 3196 40
1029 3145 1111 3214 ritus]

105 3219 219 3271 artus!
274 3221 308 3270 42
327 3216 415 3270 hocs
475 3222 510 3270 43
530 3216 589 3269 Neo
607 3221 627 3267 1.
646 3245 679 3254 -
699 3215 775 3267 erebi
796 3219 837 3265 0V
861 3213 985 3280 erebriL
1005 3217 1112 3267 erebiF

103 3292 138 3340 45
166 3287 242 3356 quod
266 3293 282 3340 s
320 3286 389 3354 quid
416 3289 500 3356 culpo
607 3293 641 3340 49
670 3285 793 3354 experire
822 3290 838 3336 s
937 3292 970 3338 52
999 3287 1110 3355 timore]

104 3358 212 3412 minore
232 3363 248 3409 s
267 3388 300 3398 -
319 3356 450 3426 pactique
468 3360 569 3412 timore
589 3356 700 3410 labores
715 3355 848 3409 Heinsius
869 3357 999 3424 partique
1019 3358 1113 3409 labore

102 3427 218 3483 timores
246 3428 366 3496 Ruperti
396 3427 542 3498 patrisque
570 3445 585 3482 e
613 3443 688 3480 more
717 3425 827 3479 labores
855 3428 899 3479 uel
926 3427 1056 3494 partique
1086 3428 1114 3478 in

104 3503 194 3554 morte
219 3499 274 3556 lab.
293 3500 378 3554 Bloss
404 3499 536 3568 partique
560 3500 589 3551 in
612 3497 702 3550 Marte
723 3497 831 3550 labores
855 3513 904 3551 nos
927 3500 973 3563 (cf.
992 3499 1048 3548 XI.
1065 3502 1114 3563 23)
