2438 3924
394 181 610 238 PUNIOORUM
627 181 737 238 LIBER
755 182 828 237 XIV.
1052 181 1116 246 107

105 344 270 429 Ingemuit
293 344 394 408 nimio
418 344 497 408 iuris
521 347 713 428 tantumque
736 344 832 408 licere
1064 360 1116 410 670

107 432 247 497 Horruit
269 437 311 516 et,
329 454 466 516 propere
489 436 641 497 reuocata
663 432 778 496 militis
801 432 861 516 ira,

105 519 207 585 Iussit
230 524 315 585 stare
339 520 462 604 domos,
484 519 657 606 indulgens
674 521 805 605 templa
826 521 965 585 uetustis

105 608 251 674 Incolere
275 613 373 693 atque
395 607 546 673 habitare
570 608 647 672 deis.
664 629 667 633 ’
685 608 731 672 sic
753 630 885 693 parcere
908 608 1004 674 uict‘s

103 694 169 762 Pro
191 698 311 780 praeda
333 696 406 780 fuit,
429 700 462 761 et
486 717 555 760 sess
579 700 729 761 contenta
752 718 811 761 nec
833 696 901 761 ullo

106 783 270 870 Sanguine
293 785 430 870 pollutis
452 784 576 868 plausit
598 783 746 849 Uictoria
768 778 894 868 pannis.
1062 801 1114 851 676

104 873 154 937 Tu
178 894 306 958 quoque
329 872 470 938 ductoris
494 871 654 955 lacrimas,
677 872 895 957 memorande,
918 873 1033 952 tulisti,

103 960 265 1026 Defensor
286 961 422 1045 patriae,
444 960 654 1025 meditantem
678 962 713 1024 in
736 962 869 1044 puluere
892 961 1016 1026 formas

104 1047 174 1114 Nec
196 1049 366 1114 turbatum
389 1049 489 1114 animi
511 1053 604 1114 tanta
626 1048 761 1114 feriente
785 1051 887 1114 ruina.

147 1138 211 1201 Ast
232 1137 392 1221 reliquum
416 1138 545 1222 uulgus,
566 1137 712 1202 resoluta
734 1137 770 1201 in
792 1137 911 1221 gaudia
935 1143 1052 1221 mente,

103 1222 276 1290 Certarunt
299 1225 380 1290 uicti
401 1225 589 1290 uictoribus.
626 1227 771 1290 aemulus
794 1225 865 1309 ipse
980 1249 984 1255 ·
1062 1241 1115 1292 680

102 1311 231 1397 Ingenii
255 1335 416 1397 superum,
440 1312 599 1378 seruando
624 1313 913 1378 condiditurbem.

102 1399 193 1486 Ergo
217 1405 309 1466 extat
332 1402 447 1466 saeclis
471 1403 635 1485 stabitque
657 1401 786 1486 insigne
808 1402 1002 1484 trophaeum

102 1488 148 1553 Et
172 1489 263 1554 dabit
285 1490 438 1574 antiquos
462 1490 632 1555 ductorum
654 1509 788 1554 noscere
810 1510 927 1553 mores.

146 1577 271 1643 Felices
294 1577 422 1662 populi!
446 1578 483 1662 si,
507 1576 671 1661 quondam
694 1579 731 1640 ut
753 1575 841 1641 bella
864 1577 1024 1655 solebant,
1061 1592 1114 1642 684

102 1662 198 1730 Nunc
218 1687 345 1750 quoque
359 1667 569 1730 inexhaustas
589 1686 652 1748 pax
666 1666 781 1728 nostra
793 1665 990 1748 relinqueret
1007 1665 1114 1729 urbes.

104 1751 159 1836 nt,
181 1754 216 1817 ni
239 1775 316 1819 cura
338 1753 411 1834 uiri,
434 1752 490 1838 qui
512 1774 597 1817 nunc
621 1751 710 1816 dedit
734 1752 802 1815 otia
825 1751 955 1836 mundo,

104 1841 272 1906 Effrenum
297 1845 422 1906 arceret
444 1840 621 1926 populandi
645 1841 761 1904 cuncta
783 1838 937 1925 furorem,

106 1928 293 1993 Nudassent
317 1929 431 1994 auidae
453 1932 622 2012 terrasque
644 1926 829 2012 fretumque
851 1927 994 2012 rapinae.

143 2228 144 2232 ,
172 2177 224 2227 670
241 2171 329 2227 nimio
348 2172 416 2226 iuris
433 2172 518 2227 Blacs
539 2170 605 2226 iuno
624 2170 693 2226 uiris
711 2177 731 2223 L
753 2170 784 2226 in
802 2189 857 2226 uno
875 2170 943 2227 iuris
962 2178 983 2225 1³¹
1006 2170 1037 2226 in
1055 2189 1112 2228 uno

99 2242 169 2296 uiris
183 2248 226 2296 ov
244 2243 362 2298 nimium
380 2243 448 2298 iuris
466 2243 550 2313 culpo
573 2241 691 2296 nimium
709 2241 793 2297 uictis
806 2243 898 2298 Barth
916 2242 1017 2297 nimias
1037 2242 1113 2298 uires

100 2315 145 2368 uel
162 2313 265 2368 nimius
283 2314 352 2369 iuria
371 2315 505 2369 Heinsius
577 2319 628 2367 679
648 2314 700 2367 Ast
719 2317 735 2364 8
760 2311 799 2367 At
816 2315 901 2383 uulyo
975 2319 1027 2369 680
1047 2311 1112 2368 Ger-

99 2385 229 2438 tarentt
302 2388 352 2439 688
372 2383 495 2439 seclisr
522 2382 597 2438 sedis
615 2388 679 2436 110V
753 2389 804 2439 686
824 2389 863 2438 Ac
883 2390 920 2436 ch
