2438 3924
97 157 141 222 60
492 153 559 210 SILI
571 152 710 208 ,ITALIOI

96 317 152 401 Et,
174 319 281 383 uictus
305 323 446 383 mentem
469 317 543 381 fuso
567 337 625 400 per
647 315 794 379 membra
816 312 933 397 Lyaeo

98 406 277 493 Sopitoque
300 409 388 472 necis
413 428 533 488 morsu,
556 403 771 468 medicamina
794 402 900 466 cladis

97 494 240 561 Hauriat
264 519 301 562 ac
324 497 460 581 placidis
485 503 628 559 exarmet
650 493 721 556 fata
741 489 898 555 uenenis?
1075 509 1121 559 228

98 581 187 649 Haec
211 585 257 649 ait
281 590 313 650 et
335 585 433 650 turba
456 583 576 667 repetit
599 581 776 645 eomitante
799 580 944 663 penatis.

145 669 289 737 Aedibus
313 675 346 737 in
369 673 485 738 mediis
509 690 708 754 consurgens
732 668 806 733 ilice
829 668 939 733 multa

98 758 274 824 Extruitur
296 783 405 846 rogus,
428 761 607 844 hospitium
631 778 802 822 commune
825 758 1025 843 peremptis.

99 846 169 912 Nec
192 850 329 934 uulgum
353 854 460 913 cessat
482 847 604 912 furiare
628 847 786 929 dolorque
808 867 994 932 pauorque.

100 935 196 1001 Nunc
220 939 323 1001 menti
345 937 465 1002 Decius
490 957 580 1001 serae
603 935 696 1019 redit,
719 938 753 998 et
775 935 862 998 bona
884 934 1001 1002 uirtus
1074 954 1121 1002 288

99 1024 209 1089 Exilio
233 1025 348 1109 punita
371 1026 462 1090 truci.
500 1025 668 1107 despectat
691 1025 731 1087 ab
756 1023 823 1086 alto

100 1110 199 1177 Sacra
221 1112 318 1177 Fides
343 1115 510 1199 agitatque
533 1113 641 1176 uirum
664 1111 794 1175 fallacia
818 1110 926 1178 corda

99 1199 173 1265 on
196 1202 324 1265 occulta
347 1202 444 1285 subit,
467 1202 591 1285 passim
614 1199 731 1263 diffusa
753 1221 811 1282 per
834 1221 947 1285 auras3

102 1288 272 1374 ‘Foedera
296 1291 460 1372 mortales,
484 1311 524 1353 ne
549 1309 646 1352 saeuo
670 1287 811 1370 rumpite
834 1286 933 1372 ferre,

102 1375 165 1442 Sed
189 1383 312 1442 castam
337 1382 465 1443 seruate
488 1376 610 1441 Fidem.
647 1374 850 1459 fulgentibus
875 1380 970 1442 ostro
1074 1396 1123 1446 888

99 1465 189 1530 Haec
213 1467 322 1550 potior
345 1467 463 1551 regnis.
501 1465 598 1529 dubio
624 1465 679 1549 qui
702 1469 851 1548 frangere
874 1485 991 1531 rerum

102 1552 265 1618 Gaudebit
287 1559 383 1639 pacta
407 1578 443 1620 ac
466 1555 574 1618 tenuis
599 1575 671 1637 spes
696 1553 822 1636 linquet
848 1552 956 1636 amici,

102 1640 180 1707 Non
203 1643 251 1707 illi
276 1645 400 1724 domne,
424 1647 481 1708 aut
504 1643 630 1724 coniux,
653 1647 710 1704 aut
732 1643 801 1704 uita
825 1640 976 1707 manebit

100 1730 264 1816 Umquam
273 1754 387 1818 expers
396 1731 733 1812 luctuslacrimaeque.
744 1734 829 1813 aget,
838 1750 983 1813 aequore
993 1754 1123 1818 semper

103 1819 153 1883 Ac
176 1821 293 1895 tellure
317 1842 476 1904 premens,
499 1823 575 1903 aget
598 1839 731 1903 aegrum
755 1821 851 1881 nocte
875 1818 996 1903 dieque
1073 1840 1123 1890 280

103 1906 267 1992 Despecta
291 1931 328 1973 ac
351 1910 475 1974 uiolata
498 1905 616 1971 Fides?
654 1906 732 1970 Adit
756 1907 865 1970 omnia
888 1907 1029 1993 iamque

106 1993 252 2060 Concilia
275 2019 313 2061 ac
336 2018 464 2060 mensas
483 1996 646 2078 contingit
669 1999 711 2075 et,
734 1995 844 2058 abdita
867 1995 966 2079 nube,

107 2085 345 2167 Accumbitque
368 2087 448 2149 toris
473 2084 683 2167 epulaturque
706 2083 857 2166 improba
879 2082 1020 2170 Erinys.

102 2169 181 2255 Ipsa
204 2173 304 2236 etiam
329 2171 442 2257 Stygio
466 2175 652 2255 spumantia
674 2173 790 2256 pocula
813 2172 892 2236 tabo

101 2259 249 2342 Porrigit
272 2264 305 2324 et
329 2261 421 2344 large
446 2283 566 2342 poenas
590 2261 755 2344 letumque
778 2260 957 2326 ministrat
1071 2269 1121 2332 288

103 2345 231 2411 Uirrius
254 2348 388 2432 interea,
412 2349 488 2413 dum
512 2349 567 2412 dat
590 2353 760 2432 penetrare
783 2348 945 2413 medullas

101 2435 223 2522 Exitio,
246 2437 452 2522 ascenditque
475 2460 590 2521 pyram
615 2442 711 2521 atque
736 2437 941 2522 amplexibus
965 2438 1087 2508 haeret

99 2522 296 2607 Iungentum
319 2524 391 2589 fata
414 2530 447 2591 et
470 2525 573 2590 subici
596 2525 687 2590 iubet
710 2527 799 2591 ocius
822 2525 918 2610 ignis.

146 2610 359 2698 Stringebant
382 2615 533 2678 tenebrae
557 2616 671 2697 metas,
693 2614 861 2698 uictorque
884 2615 1016 2690 ruebat.

100 2699 235 2786 Iamque
259 2706 500 2786 superstantem
524 2724 616 2766 muro
640 2703 809 2787 sociosque
832 2701 990 2768 Milonem
1068 2724 1120 2773 300

98 2789 187 2855 Uoce
211 2793 417 2856 attollentem
441 2792 543 2876 pubes
564 2788 732 2873 Campana
755 2791 896 2856 uidebat.

97 2877 250 2944 Pandunt
273 2880 407 2945 attoniti
430 2883 542 2964 portas
566 2879 757 2962 trepidoque
782 2884 960 2963 capessunt

169 3095 222 3143 273
249 3091 361 3143 uinctus
389 3089 524 3143 Heinsius
632 3094 683 3142 275
712 3104 746 3142 ac
774 3093 810 3140 orl
829 3087 874 3155 (T.
890 3105 920 3158 p.
939 3093 1011 3159 215)
1041 3095 1072 3149 et
1099 3100 1118 3148 0

99 3165 152 3214 280
173 3159 268 3213 decius
288 3175 366 3213 serae
384 3165 426 3212 1AE
450 3175 529 3213 serae
548 3157 644 3213 decius
665 3163 708 3211 ov
792 3163 843 3212 281
862 3157 958 3213 Exitio
978 3162 1120 3221 Schrader

101 3235 154 3283 283
173 3245 256 3283 auras
275 3235 316 3283 121?
344 3248 425 3284 aures
445 3235 489 3283 0V
587 3235 640 3284 284
657 3246 785 3298 rumpere
803 3236 823 3281 1.
916 3235 970 3286 286
990 3233 1119 3290 dubian

101 3305 153 3354 287
173 3302 204 3353 at
223 3305 265 3352 ov
282 3330 319 3342 -
336 3300 442 3369 linquit
459 3307 480 3354 Ε
613 3306 664 3354 281
688 3299 820 3370 Dispecta
839 3306 855 3352 8
873 3330 907 3340 -
927 3303 1027 3360 omina
1044 3312 1066 3360 1.
1084 3339 1118 3348 -

97 3387 219 3440 namque
239 3376 274 3423 cn
293 3371 339 3439 (T.
350 3389 381 3441 p.
396 3376 464 3435 215)
555 3376 606 3426 282
626 3372 773 3440 continget
790 3376 834 3424 0V
927 3377 981 3428 286
1001 3375 1059 3432 dat
1076 3386 1120 3432 cm

97 3443 154 3513 Ep.
171 3447 208 3498 62
262 3448 314 3497 287
333 3441 463 3496 ascendit
480 3459 530 3498 cm.
551 3448 644 3511 quer
694 3447 746 3496 288
765 3440 932 3512 Iungentum
947 3448 1028 3502 cml.
1044 3450 1063 3504 l.
1078 3455 1120 3503 121*

96 3514 218 3582 lungent
235 3515 296 3567 tum
315 3518 358 3565 ov
376 3543 410 3552 -
431 3513 521 3567 subici
539 3519 576 3566 ch
