2438 3924
128 154 171 218 72
525 153 595 208 SILI
613 151 747 207 ITALICI

32 356 35 361 ·
127 317 175 383 Et
198 317 287 382 dedit
310 317 454 380 alternos
478 314 636 380 ambobus
658 336 793 381 noscere
815 314 937 397 uultus,

128 404 182 473 sic
205 405 332 471 iuuenis
356 405 458 489 prior:
482 402 526 469 ‘0
549 403 662 488 magni
684 403 766 467 mihi
788 403 930 466 numinis
952 403 1067 487 instar,

127 493 213 559 Cara
235 516 362 579 parens,
386 516 493 578 quam,
515 496 549 556 te
571 496 608 556 ut
629 492 725 555 nobis
749 491 869 556 uidisse
892 492 1014 575 liceret,

128 582 302 666 Optasscm
327 581 459 666 Stygias
482 582 536 645 uel
558 581 625 644 leto
648 579 771 644 intrare
794 580 954 644 tenebrae.
1087 596 1139 646 615

128 671 217 748 Quae
242 693 312 735 sors
335 673 449 735 nostra
471 669 544 752 fuit,
567 668 619 733 cui
641 672 684 752 tc,
707 690 780 733 cum
803 668 909 753 prima
933 669 1062 752 subiret,

127 759 260 844 Eripuit
284 759 353 824 sine
376 759 500 822 honore
524 757 593 821 dies
613 762 646 822 et
668 757 779 821 funere
800 756 959 839 carpsit‘l’

127 847 260 932 Excipit
282 848 334 911 his
358 850 476 911 mater:
501 844 685 928 ‘Nullos,.o
708 850 794 928 nate,
817 847 946 910 labores
983 896 985 901 .

127 935 218 1001 Mors
241 935 358 999 habuit
380 937 507 1016 nostra;
532 933 675 998 aetherio
699 934 775 998 dum
799 934 940 1016 pondere
962 938 1093 1018 parturn

127 1024 299 1104 Exsoluor,
322 1023 396 1086 miti
419 1022 533 1087 dextra
556 1020 706 1106 Cyllenia
728 1024 837 1106 proles
1086 1041 1141 1089 630

126 1111 269 1196 Imperio
293 1111 381 1176 Iouis
399 1111 531 1195 Elysias
555 1111 686 1174 deduxit
710 1111 749 1175 ad
774 1129 848 1175 oras

127 1200 355 1283 Attribuitquc
378 1200 466 1284 paris
491 1199 592 1283 sedes,
615 1200 672 1263 ubi
696 1220 814 1284 magna
838 1202 983 1264 moratur

127 1289 261 1354 Alcidae
286 1288 441 1373 genetrix,
464 1287 520 1352 ubi
544 1309 637 1352 sacro
660 1310 792 1352 munere
815 1287 911 1352 Leda.

126 1378 251 1442 Uerum
275 1399 346 1462 age,
367 1380 454 1459 nate,
476 1380 551 1441 tuos
575 1380 676 1459 ortus,
698 1398 739 1440 ne
763 1376 852 1441 bella
873 1399 1029 1461 pauescas

127 1464 213 1550 Ulla,
234 1487 294 1530 nec
317 1467 352 1530 in
375 1467 500 1531 caelum
524 1464 652 1529 dubites
676 1469 710 1528 te
729 1466 880 1529 attollere
903 1466 1009 1547 factis,
1087 1484 1140 1533 635

127 1553 264 1629 Quando
288 1554 412 1638 aperire
435 1554 531 1618 datur
552 1554 658 1637 nobis,
679 1575 765 1617 nunc
788 1554 926 1637 denique
950 1554 1046 1622 disce.

128 1641 207 1708 Sola
229 1643 281 1707 die
304 1665 454 1727 caperem
476 1641 583 1707 medio
607 1664 678 1707 cum
701 1640 787 1706 forte
808 1643 929 1726 petitos

125 1732 180 1796 Ad
201 1731 347 1815 requiem
371 1753 511 1814 somnos,
535 1730 660 1795 subitus
683 1730 765 1795 mihi
789 1731 935 1794 membra
958 1731 1077 1817 ligauit

127 1820 318 1904 Amplexus,
340 1842 406 1884 non
428 1820 493 1904 ille,
516 1841 587 1883 mco
612 1820 762 1884 ueniente
785 1819 913 1902 marito,

126 1907 287 1973 Assuetus
311 1908 479 1992 facilisque
503 1907 598 1991 mihi3
620 1909 690 1971 tum
713 1908 784 1972 luce
808 1929 951 1991 corusca,
1086 1927 1141 1975 640

126 1996 291 2080 Implebat
315 2017 511 2079 quamquam
534 1996 727 2078 languentia
749 1997 872 2060 lumina
894 2007 1038 2083 somnae,

53 2135 57 2141 .
126 2083 216 2167 Uidi,
239 2083 342 2166 crede,
365 2083 488 2148 Iouem.
521 2104 582 2148 nec
605 2105 656 2148 me
679 2087 804 2147 mutata
825 2083 943 2147 fefellit

125 2171 246 2236 Forma
270 2172 330 2253 dci,
353 2173 447 2256 quod,
470 2172 672 2254 squalentem
696 2193 870 2237 conuersus
893 2173 928 2235 in
952 2195 1102 2260 anguem,

125 2259 258 2345 Ingenti
281 2259 382 2323 traxit
405 2263 539 2324 curuata
562 2259 728 2324 uolumina
750 2280 839 2344 gyro

9 2432 13 2438 Ι
128 2347 192 2414 Sed
214 2348 297 2413 mihi
318 2350 395 2431 post
413 2351 542 2431 partum
565 2370 631 2413 non
654 2349 742 2412 ultra
765 2347 879 2413 ducere
902 2349 1004 2414 uitam
1087 2369 1140 2417 645

128 2435 336 2502 Concessum.
372 2436 445 2518 heu,
464 2440 621 2520 quantum
642 2436 760 2522 gemui,
785 2436 870 2520 quod
894 2439 1028 2521 spiritus
1053 2446 1141 2519 ante,

126 2525 217 2590 Haec
236 2525 300 2589 tibi
323 2546 422 2609 quam
444 2524 606 2589 noscenda
629 2525 754 2607 darem,
782 2524 930 2591 discessit
952 2527 987 2591 in
1011 2530 1140 2594 aurasl'

126 2614 189 2679 His
213 2615 321 2679 alacer
344 2614 429 2678 colla
452 2613 602 2698 amplexu
625 2617 773 2677 materna
794 2614 942 2697 petebat3

125 2703 315 2787 Umbraque
338 2708 390 2766 ter
411 2700 535 2766 frustra
557 2723 616 2785 per
638 2701 735 2766 inane
757 2702 862 2785 petita
884 2701 1011 2768 fefellit.

173 2790 355 2857 Succedunt
379 2791 552 2855 simulacra
573 2790 680 2854 uirum
704 2791 882 2874 concordia,
904 2793 1009 2874 patris
1086 2811 1140 2860 660

126 2879 348 2964 Unanimique
372 2880 468 2944 simul
490 2879 608 2963 patrui.
644 2878 711 2942 ruit
732 2879 802 2962 ipse
825 2900 883 2962 per
907 2880 1067 2966 umbram,

127 2968 248 3035 Oscula
270 2991 355 3032 uana
378 2970 502 3051 petens,
524 2967 650 3031 iuuenis
673 2967 828 3051 fumoque
851 2967 978 3032 uolucri

199 3164 250 3216 616
269 3159 419 3213 intrasse!
475 3163 527 3213 617
542 3156 661 3229 carpsit]
675 3157 775 3212 mersit
788 3159 912 3230 Bentley,
927 3161 975 3215 scd
988 3161 1024 3226 cf.
1039 3161 1071 3216 V.
1083 3169 1141 3219 591

127 3238 179 3287 610
197 3232 310 3302 partum
334 3234 371 3280 ch
401 3230 513 3298 patrum
534 3234 555 3280 Ε
577 3260 609 3269 -
632 3229 716 3297 partu
744 3228 859 3284 Marsus
891 3231 1140 3301 aetherei-partus

126 3304 263 3358 Heinsius
322 3305 375 3354 630
392 3298 530 3353 Exsoluor
547 3303 585 3352 011
647 3305 697 3353 661
718 3298 760 3368 in]
780 3297 854 3352 ado
919 3307 970 3354 666
989 3318 1025 3357 ne
1046 3308 1087 3355 ov
1105 3338 1140 3347 .-

127 3371 409 3430 1100001661011110
423 3371 507 3439 culco
557 3375 609 3424 630
627 3369 774 3424 nobiscum
793 3370 914 3438 denique
928 3376 965 3423 ch
1019 3378 1072 3428 640
1092 3393 1140 3430 co-

126 3462 221 3500 ruscas
258 3447 311 3511 ch,
347 3443 421 3497 unde
458 3457 606 3496 coruscans
643 3440 778 3495 Heinsius
820 3456 965 3496 coruscum
1005 3442 1142 3512 chebure

129 3519 333 3572 6411ο1111106
407 3516 458 3567 646
477 3511 611 3582 gomuil.
639 3509 744 3581 gemini
760 3515 803 3563 ro
830 3528 866 3580 ge
881 3553 888 3568 .
903 3553 910 3568 .
925 3517 969 3568 ,vv
