2438 3924
156 165 219 231 176
552 163 774 221 sinrinnnror

149 327 224 394 lbat
250 326 438 413 Agenoreus
462 326 670 410 praefulgens
695 325 809 392 ductor
832 326 868 391 in
892 330 1005 414 ostro,

148 417 386 500 Excelsumque
409 418 508 500 caput
530 437 637 499 penna
654 418 793 480 nutante
816 416 957 481 leuabat

150 502 259 570 Crista
281 506 411 569 rubens.
448 526 564 569 saeuus
588 525 707 588 magno
732 503 771 569 de
792 504 928 570 nomine
955 509 1074 571 terror

149 593 328 677 Praecedit,
351 592 510 676 Latioque
534 592 634 657 micat
658 593 739 657 bene
762 593 916 678 cognitus
942 594 1051 662 ensis.

151 685 199 747 At
221 685 335 748 contra
359 681 485 747 ardenti
507 681 659 746 radiabat
682 678 791 765 Scipio
815 702 923 766 cocco,
1129 697 1169 748 000

151 771 344 835 Terribilem
369 774 537 835 ostentans
561 770 711 853 clipeum,
735 791 799 853 quo
822 770 929 854 patris
956 773 995 836 et
1020 794 1091 837 nna

153 858 306 925 Caelarat
328 859 439 942 patrui
463 858 617 943 spirantis
641 858 764 942 proelia
788 857 859 922 dira

150 946 301 1032 Effigiem
325 948 492 1011 flammam
514 947 680 1032 ingentem
702 946 793 1011 frons
817 946 886 1011 alta
909 948 1091 1014 uomebat.

153 1035 220 1101 Sub
243 1039 337 1100 tanta
361 1037 483 1100 cunctis
507 1036 541 1099 ui
564 1036 768 1120 telorumque
791 1036 981 1120 uirumque,

152 1124 193 1188 In
215 1123 348 1189 ducibus
372 1123 484 1188 stabat
508 1146 580 1207 spes
605 1128 639 1188 et
661 1123 800 1189 uictoria
824 1124 915 1189 solis.
1028 1168 1033 1174 -
1128 1139 1170 1190 100

51 1230 54 1239 ·
152 1212 238 1288 Quin
262 1212 371 1295 etism,
393 1212 489 1277 fauor
511 1216 549 1277 ut
572 1212 697 1297 subigit
719 1213 892 1296 plerosque
917 1215 1090 1299 metusne,

155 1300 263 1386 Scipio
289 1301 316 1365 si
340 1300 471 1385 Libycis
495 1304 581 1365 esset
603 1304 777 1386 generatus
801 1300 836 1364 in
858 1300 937 1386 oris,

153 1387 288 1474 Sceptra
313 1389 353 1454 ad
376 1390 566 1475 Agenoreos
592 1388 727 1454 credunt
745 1392 882 1453 uentura
905 1393 1068 1475 nepotes.

152 1477 320 1543 Hannibal
342 1477 488 1542 Ausonia
511 1477 640 1562 genitus
665 1478 692 1542 si
716 1477 790 1542 sede
813 1476 942 1560 fuisset,

152 1566 249 1632 Haud
273 1566 424 1631 dubitant
447 1569 552 1632 terras
575 1566 660 1630 Itala
683 1565 863 1633 inditione
886 1565 1035 1635 futuras.
1128 1582 1170 1633 000

200 1654 434 1721 Contremuere
457 1676 564 1733 aurae,
588 1654 701 1739 rapido
725 1653 932 1719 uibrantibus
956 1655 1075 1722 hastis

154 1743 304 1827 Turbine,
330 1747 362 1808 et
385 1743 570 1809 horrificam
593 1748 722 1808 traxere
746 1765 805 1828 per
829 1742 964 1808 aethera
988 1745 1127 1813 nubem

153 1831 233 1897 Inde
257 1833 342 1897 ensis
365 1833 561 1918 propiorque
586 1830 671 1897 acies
695 1835 729 1896 et
752 1830 933 1896 comminus
959 1854 1025 1899 ora

151 1921 294 1986 Admota
318 1944 355 1986 ac
379 1921 449 1985 dira
472 1921 645 2006 flagrantia
667 1920 791 1984 lumina
812 1918 956 1984 flamma.

155 2008 319 2075 Sternitur
341 2011 376 2073 in
399 2009 541 2074 medium
565 2008 783 2092 contemptrix
805 2009 903 2072 turba
926 2009 1061 2097 pericli,
1129 2027 1174 2077 410

155 2096 244 2172 Quae
267 2099 382 2181 primis
406 2119 439 2162 se
463 2099 675 2182 praecipitem
697 2098 775 2161 tulit
799 2096 897 2162 obuia
924 2098 1016 2182 telis,

155 2184 381 2269 Gentilemque
405 2185 490 2250 bibit
512 2187 611 2251 tellus
634 2185 739 2251 inuita
762 2206 919 2250 cruorem.

154 2273 311 2337 Feruidus
334 2275 457 2358 ingenii
480 2272 654 2339 Masinissa
677 2279 710 2339 et
732 2273 877 2338 feruidus
902 2272 978 2339 aeui

154 2360 193 2424 In
216 2361 338 2445 primas
362 2360 526 2426 Macetum
549 2365 674 2427 turmas
698 2363 854 2427 immania
876 2361 1033 2430 membra

154 2449 259 2514 Infert
282 2452 315 2513 et
338 2450 443 2513 iaculo
467 2451 678 2516 circumuolat
700 2451 779 2515 alite
803 2472 963 2534 campum.
1127 2468 1174 2521 stt

156 2537 313 2603 Caerulus
337 2537 423 2601 haud
447 2539 551 2620 aliter,
575 2561 648 2604 cum
671 2539 814 2626 dimicat,
836 2539 944 2603 incola
966 2538 1101 2627 'Phylea
1166 2582 1174 2599 .

156 2626 299 2711 Agmina
322 2626 479 2710 falcigero
503 2627 714 2692 circumuenit
738 2631 810 2693 arta
833 2627 985 2693 couinno.

156 2714 255 2780 Graia
277 2715 420 2800 phalanx
443 2717 552 2798 patrio
576 2716 729 2781 densarat
751 2737 841 2781 more
863 2719 1019 2785 cateruas

156 2804 341 2888 Iunctisque
366 2804 497 2868 astabat
519 2805 601 2868 nulli
624 2804 836 2889 penetrabilis
859 2804 975 2871 hastis.

227 2966 279 3016 094
297 2959 396 3031 micat]
414 2960 497 3014 nutat
516 2964 560 3013 0V
645 2967 698 3015 399
717 2961 838 3032 cunctis]
856 2960 961 3015 iunctis
980 2960 1128 3023 84:1er
1142 2992 1173 3007 -

156 3032 186 3085 ui
206 3036 248 3083 ⁰V
274 3033 305 3086 in
323 3036 364 3083 LV
384 3062 416 3071 -
435 3032 614 3099 uirorumque
634 3036 653 3083 0
768 3039 821 3087 410
840 3033 925 3087 turba
943 3036 967 3085 V
993 3050 1100 3116 pugna
1116 3038 1172 3091 m

155 3108 208 3157 412
227 3100 313 3173 bibit]
332 3101 406 3157 uidit
425 3106 467 3154 ⁰V
482 3134 516 3143 —
530 3101 630 3172 inuita,
648 3107 681 3157 ut
698 3104 769 3159 ceni.
783 3103 941 3168 1101010100,
954 3107 978 3156 V
1002 3104 1105 3163 moin
1115 3108 1171 3161 m

156 3177 208 3227 41³
228 3172 347 3243 ingenii]
368 3172 508 3243 ingentis
544 3178 598 3227 414
616 3173 763 3228 macedum
777 3178 820 3226 0V
836 3205 869 3215 -
883 3172 984 3229 turbas
1000 3182 1029 3241 Ι,
1047 3178 1100 3235 ssd
1110 3178 1170 3239 iss!

157 3260 226 3299 corr.
246 3261 279 3297 aa
297 3244 403 3297 turmas
475 3250 528 3298 410
547 3244 630 3299 aliter
648 3244 720 3300 deest
736 3246 802 3300 ino
821 3248 889 3302 m.2
906 3246 1046 3303 immun
1062 3248 1171 3307 Μ-

156 3313 268 3383 tylesr
297 3313 362 3369 tiles
382 3317 424 3366 0V
451 3314 503 3369 tile
522 3322 541 3367 1.
613 3321 666 3370 41⁷
685 3314 857 3384 falcigero!
884 3315 1017 3374 falcifera
1035 3320 1126 3393 uulgo
1140 3346 1171 3361 -

157 3385 267 3440 comino
291 3390 310 3437 0
418 3389 471 3438 419
494 3384 656 3455 Iunctisque
679 3403 730 3442 scr.
754 3386 925 3454 Inuictisque
948 3388 1108 3447 sstubsti
1131 3388 1170 3447 Ῑι·

156 3455 307 3527 uictusque
330 3455 389 3527 (sed
411 3454 421 3509 i
444 3462 596 3528 suprascr.)
622 3457 799 3512 hastabstr
830 3456 987 3526 inuitisque
1015 3460 1169 3521 astslm

141 3526 327 3602 Immitisque
346 3528 469 3604 astabat
486 3536 510 3585 V
529 3531 590 3601 (scd
606 3529 629 3586 i.
642 3545 733 3600 mord.
746 3546 784 3584 ra.
798 3531 817 3584 2
829 3526 964 3592 inuictis)
