2438 3924
148 153 212 220 170
544 151 613 207 sim
632 149 768 207 rmmo1

143 315 319 402 Carthago,
342 320 375 381 et
397 314 506 400 potius
530 314 699 381 cecidisset
720 335 842 380 nomen
861 312 1016 383 Elissae.

144 406 251 482 Quid?
283 409 361 470 tunc
384 408 437 469 sat
460 426 603 488 compos,
627 403 683 487 qui
705 424 770 468 nou
795 403 953 470 ardentia
977 406 1053 472 tela
1121 422 1161 473 22

145 493 176 558 Α
200 493 319 559 Cannis
343 495 378 558 in
400 494 525 578 templa
547 493 611 557 tuli
633 491 796 576 Tarpeia?
823 490 1015 580 Iouemque

145 581 282 648 Detraxi
305 582 412 648 solio?
435 583 629 666 sparsissem
651 579 802 646 incendia
825 582 955 647 montis

145 669 207 736 Per
230 676 355 755 septem
378 672 464 736 bello
487 692 608 736 uacuos
627 670 781 755 gentique
806 670 977 753 superbae

148 759 285 825 Iliacum
311 759 444 826 exitium
467 765 500 824 et
518 780 716 844 proauorum
738 757 808 823 fata
831 758 1015 828 dedissem.

146 847 212 914 Cur
225 870 324 932 porro
338 848 419 913 baec
438 848 583 933 angant?
605 869 700 931 nunc,
717 868 803 912 nunc
821 846 985 915 inuadere
1004 849 1098 918 ferro
1125 865 1166 917 233

147 937 227 1013 Quis
241 936 415 1020 prohibet?
438 958 631 1020 rursumque
651 935 690 1001 ad
710 935 839 1000 moenia
856 936 1002 1003 tendere
1017 939 1166 1027 gressus?

143 1024 204 1090 Ibo
228 1030 269 1107 et,
293 1028 474 1089 castrorum
496 1025 644 1110 relegens
669 1027 881 1088 monumenta
905 1047 1078 1113 meorum,

144 1112 216 1188 Qua
238 1113 293 1178 uia
315 1116 394 1176 nota
416 1113 496 1177 mihi
520 1117 579 1193 est,
602 1113 754 1178 remeabo
776 1111 915 1177 Anienis
939 1116 989 1181 ad
1014 1119 1132 1185 undas.

144 1201 283 1266 Flectite
305 1202 340 1265 in
362 1200 493 1266 Italiam
515 1224 638 1287 proras,
661 1201 800 1266 auertite
824 1200 980 1270 classem·

144 1288 244 1373 Faxo,
266 1293 304 1354 ut
326 1290 451 1355 uallata
473 1294 643 1356 reuocetur
667 1289 775 1374 Scipio
799 1288 929 1357 Roma’
1124 1310 1168 1362 233

190 1378 325 1442 Talibus
348 1379 514 1444 ardentem
537 1379 632 1444 furiis
655 1379 828 1465 Neptunus
852 1382 890 1443 ut
915 1380 990 1448 alto

144 1465 318 1551 Prospexit
339 1468 487 1552 uertique
510 1473 597 1533 rates
622 1469 663 1532 ad
685 1468 787 1533 litora
809 1467 902 1551 uidit,

146 1555 311 1631 Quassans
335 1557 518 1621 caeruleum
542 1557 671 1640 genitor
694 1559 793 1640 caput
817 1577 964 1640 aequora
989 1559 1100 1628 fundo

144 1642 244 1710 Emit
267 1651 299 1709 et
320 1645 483 1709 tumidum
507 1648 617 1708 mouet
639 1645 728 1710 ultra
749 1644 848 1710 litora
871 1649 1031 1728 pontum.

145 1733 321 1819 Extemplo
344 1737 460 1799 uentos
484 1732 668 1816 imbresque
692 1737 725 1798 et
748 1755 828 1816 rupe
854 1735 1027 1817 procellas
1123 1754 1169 1805 240

146 1817 300 1886 Concitet
321 1821 455 1887 Aeolias
479 1842 517 1886 ac
538 1821 680 1886 nubibus
704 1822 836 1886 aethera
859 1822 984 1889 condit.
1056 1858 1059 1865 ,

146 1910 239 1994 Tum,
262 1910 390 1995 penitus
414 1910 480 1974 telo
504 1910 639 1975 molitus
662 1931 765 1996 regna
787 1908 922 1975 tridenti

144 1998 274 2082 Intima,
298 1999 339 2063 ab
364 2021 479 2064 occasu
497 1998 627 2083 Tethyn
649 1998 790 2082 impellit
812 2002 846 2063 et
869 2002 947 2064 ortu

145 2089 194 2152 Ac
215 2090 323 2152 totum
347 2086 467 2152 Oceani
491 2088 606 2151 turbat
629 2091 737 2170 eaput
774 2108 917 2170 aequora
940 2096 1093 2174 surgunt

146 2173 295 2260 Spumea,
319 2181 353 2239 et
371 2176 461 2239 illisu
483 2177 636 2259 scopulus
659 2176 771 2240 tremit
788 2175 895 2240 omnis
916 2197 1096 2261 aquarum.
1120 2197 1167 2246 243

143 2262 283 2347 Primus,
307 2285 341 2328 se
366 2264 520 2328 attollens
543 2263 768 2330 Nasamonum
792 2263 934 2348 sedibus,
956 2265 1090 2334 Auster

146 2350 293 2416 Nudauit
317 2350 439 2435 Syrtim
463 2357 612 2436 correpta
634 2353 766 2418 nubilus
786 2351 880 2418 unda.

142 2440 331 2527 Insequitur
354 2440 494 2505 sublime
517 2440 624 2506 ferens
646 2441 853 2526 nigrantibus
878 2440 940 2506 alis

144 2532 333 2616 Abruptum
354 2527 476 2595 Boreas
499 2531 593 2614 ponti
616 2531 717 2616 latus3
739 2531 868 2595 intonat
890 2534 964 2594 ater

143 2618 295 2687 Discordi
318 2618 398 2684 flatu
423 2624 456 2683 et
478 2621 605 2701 partem
629 2620 717 2704 rapit
740 2617 890 2703 aequoris
912 2617 1038 2687 Eurus.
1115 2638 1167 2688 233

143 2710 229 2777 Hinc
252 2710 343 2794 rupti
368 2708 503 2773 reboare
526 2707 604 2791 poli,
628 2711 726 2791 atque
749 2707 825 2773 hino
848 2707 963 2772 erebra
986 2711 1116 2776 micare

142 2863 356 2875 ——n—.—.

215 2957 268 3006 224
286 2953 393 3024 potius]
411 2953 504 3006 totum
518 2951 653 3006 Heinsius
670 2952 781 3021 penitus
796 2951 933 3007 Schrader
994 2959 1051 3009 22⁶
1072 2954 1164 3021 Quid?

145 3041 212 3077 num
235 3023 371 3079 Heinsius
389 3025 469 3092 prob.
493 3024 609 3092 Bentley
642 3022 716 3088 Quid
747 3027 833 3078 tunc?
860 3023 945 3093 scalpo
979 3023 1070 3088 Quin!
1097 3031 1163 3081 tnnc

143 3095 277 3162 Lefeburc
288 3125 321 3134 -
331 3092 472 3165 ardentia]
491 3091 637 3148 horrentia
654 3094 792 3149 Schrader
863 3097 914 3148 231
931 3093 1010 3159 Quid
1024 3096 1163 3153 Hermu

148 3171 201 3220 233
221 3164 283 3231 Qua
300 3166 349 3220 uia
365 3166 435 3219 nota
456 3165 527 3219 mihi
551 3166 596 3219 est
617 3166 675 3219 cod.
697 3165 763 3220 Tell.
795 3164 857 3231 Qua
878 3165 927 3219 uia
948 3169 1033 3220 notat
1052 3173 1070 3220 3
1103 3168 1163 3235 Qua

144 3236 216 3290 mihi
234 3237 302 3290 nota
319 3236 368 3290 uia
386 3239 429 3290 est
446 3236 486 3292 ed.
502 3236 598 3305 Pomp.
613 3237 695 3291 Laeli
766 3240 819 3291 234
832 3235 966 3306 auertite]
986 3253 1005 3292 a
1017 3238 1162 3295 uertioeo

142 3322 177 3361 ao
195 3307 299 3361 uertite
316 3307 466 3361 Liuineius
493 3322 555 3376 age,
573 3307 677 3362 uertite
695 3306 832 3362 Heinsius
930 3312 984 3362 233
1003 3309 1043 3363 ab
1061 3310 1162 3366 altor

142 3382 195 3431 241
213 3376 348 3449 nubibus]
367 3377 504 3432 imbribus
519 3383 562 3431 ov
598 3384 651 3434 245
665 3378 761 3434 fremit
775 3377 911 3434 Scllrodcr
946 3382 1006 3445 ,24⁷
1021 3379 1162 3448 syrtimv

144 3451 249 3516 syrtem
276 3455 337 3503 nro
356 3479 391 3489 —
408 3448 534 3520 nubilus]
562 3448 684 3506 nubibus
712 3454 755 3502 ov
862 3453 915 3504 249
943 3448 1018 3520 ater]
1047 3467 1116 3508 acer
1143 3455 1161 3504 0

138 3525 191 3575 251
208 3518 273 3592 poli
290 3521 364 3578 deest
380 3522 450 3578 iao
