2438 3924
190 163 231 228 16
589 161 658 217 sni
677 158 808 215 immor

191 323 297 390 Sentit
319 324 529 389 flammiferas
548 323 651 409 pubes
669 321 837 387 Maurusia
855 345 987 408 pennas,

188 414 234 479 Et
255 414 378 498 pariter
400 412 482 477 fusis
504 415 679 497 tepuerunt
701 415 834 494 pectora
856 412 941 476 talis.

189 501 311 567 Bacchi
334 501 420 566 dona
443 501 558 565 uolunt
581 499 758 584 epulasque
782 503 815 564 ct
838 499 982 564 carmina
1003 521 1121 564 rursus

187 591 294 656 Pieria
317 589 493 675 liquefacta
514 590 595 672 lyra
629 609 695 654 non
718 610 792 653 acer
815 591 928 673 aperto
1155 606 1208 654 415

190 678 337 744 Desudat
361 698 475 760 campo
499 678 641 761 sonipes,
662 698 729 742 non
751 677 821 741 ulla
842 698 901 759 per
923 699 1017 742 auras

190 769 317 834 Lancea
340 767 484 831 nudatos
505 768 631 830 exercet
653 769 744 830 torta
765 765 915 830 lacertos.

190 855 338 921 Mollitae
361 852 502 918 flammis
525 853 678 938 lymphae
702 854 893 938 languentia
917 874 1031 918 somno

191 944 338 1009 Membra
359 943 484 1026 fouent,
505 941 698 1028 miserisque
716 942 812 1007 bonis
831 941 917 1026 perit
934 941 1068 1007 horrida
1088 944 1209 1010 uirtus.

189 1032 265 1116 Ipse
289 1032 397 1116 etiam,
420 1030 551 1098 afflatus
574 1031 709 1095 fallente
733 1029 901 1115 Cupidine,
925 1030 1041 1096 ductor
1154 1049 1208 1099 420

190 1119 357 1185 Instaurat
380 1141 508 1184 mensas
532 1118 670 1204 dapibus
693 1120 875 1204 repetitque
898 1120 1068 1184 uolentum

190 1207 346 1293 Hospitis
369 1213 403 1272 et
424 1209 551 1292 patrias
574 1208 734 1291 paulatim
758 1207 889 1273 decolor
913 1207 993 1272 artis

190 1297 298 1382 Exuit,
322 1297 449 1362 occulta
471 1300 613 1361 mentem
636 1297 774 1361 uitiante
799 1296 930 1380 sagitta.

190 1386 305 1449 Altera
327 1385 393 1449 iam
418 1385 524 1469 patris
546 1388 643 1468 atque
668 1405 770 1468 aequo
793 1385 853 1448 sub
872 1384 995 1448 honore
1019 1389 1163 1450 uocatur

189 1474 303 1539 Altera
327 1471 495 1558 Carthago
516 1471 636 1558 (dapes,
659 1473 883 1556 intactumque
908 1472 1067 1538 secundae
1153 1491 1208 1539 4⁴45

188 1561 350 1626 Fortunae
373 1562 540 1646 ingenium
565 1562 647 1627 uitia
670 1561 858 1626 allectantia
881 1564 1049 1644 quassant.

189 1649 259 1716 Nec
281 1652 375 1716 luxus
399 1650 485 1716 ullus
509 1671 696 1736 mersaeque
719 1648 854 1714 libidine
877 1650 964 1715 uitae

190 1736 363 1824 Campanis
388 1739 517 1824 modus3
541 1741 745 1805 accumulant
768 1739 939 1823 uariasque
963 1759 1021 1822 per
1045 1740 1128 1805 artis

192 1825 367 1897 Scenarum
391 1831 519 1893 certant
541 1829 653 1912 epulas
677 1827 878 1913 distinguere
901 1826 987 1909 ludo,

193 1915 241 1980 Ut
264 1917 380 2000 strepit
402 1917 530 1981 assidue
552 1916 733 2002 Phrygiam
756 1917 797 1981 ad
820 1915 964 1981 Nilotica
987 1915 1083 1980 loton
1153 1934 1210 1984 430

192 2001 382 2087 Memphis*
400 2001 581 2087 Amyclaeo
605 2005 728 2088 passim
751 2004 875 2069 lasciua
899 2003 1041 2088 Canopo.

3 2074 7 2125 3
120 2095 122 2098 ’
190 2090 345 2174 Inprimis
369 2091 503 2175 dulcem,
526 2092 636 2156 Poeno
660 2092 813 2170 laetante,
835 2113 895 2175 per
917 2092 1005 2155 auris

191 2177 287 2243 Nunc
310 2199 389 2243 uoce
412 2178 554 2243 infundit
576 2180 746 2264 Teuthras,
769 2201 855 2244 nunc
878 2180 1005 2262 pectine
1029 2185 1175 2248 cantum.

191 2267 288 2350 Isque
312 2266 367 2331 ubi
392 2266 564 2331 mirantem
583 2269 770 2332 resonantia
788 2267 908 2352 pollice
930 2268 987 2332 fila

192 2355 370 2420 Ductorem
392 2355 475 2420 uidit
493 2355 625 2441 Libyae,
648 2377 762 2421 canere
784 2355 860 2421 inde
883 2357 1040 2441 superbas
1153 2375 1209 2425 435

191 2443 317 2508 Aoniae
340 2442 451 2508 laudes
476 2444 596 2509 sensim
618 2444 790 2509 testudinis
814 2467 917 2529 orsus,
1031 2516 1033 2521 ,

258 2676 310 2725 414
333 2670 438 2740 rursus]
463 2687 560 2726 cursus
582 2678 601 2723 L
627 2688 741 2741 prorsus
765 2672 901 2729 Schrader
1000 2679 1053 2728 417
1079 2675 1207 2732 nodatos

190 2742 325 2797 Heinsius
353 2740 467 2796 duratos
485 2744 530 2797 uet
553 2742 692 2798 durandoe
711 2743 849 2798 Schrader
891 2749 943 2798 419
958 2742 1073 2799 horrida
1101 2747 1208 2804 obruta

190 2814 325 2869 Heinsius
378 2819 431 2868 423
446 2812 546 2883 rogim
558 2813 694 2869 Heinsius
743 2820 795 2868 425
809 2812 1003 2884 intectumque
1018 2814 1055 2870 D.
1067 2744 1210 2874 heinsius

191 2889 216 2938 et
235 2883 369 2939 Ocharius
432 2891 484 2940 426
503 2883 669 2940 allectantia
686 2885 774 2940 Bothe
792 2890 817 2940 et
829 2902 886 2941 aon
904 2885 976 2942 Veen
999 2886 1209 2944 adlatrantias

192 2954 366 3010 adsultantia
397 2954 513 3026 Bentley
550 2956 722 3010 oblectantia
755 2956 893 3011 Schrader
933 2957 1087 3012 allubentia
1119 2958 1209 3017 Biass

192 3030 245 3079 430
264 3025 300 3080 ad
315 3024 465 3095 Phrygiam
479 3026 614 3082 Heinsius
623 3028 705 3096 prob.
721 3028 846 3082 Bentleio
869 3027 1009 3098 Phrygiae
1024 3028 1060 3082 ad
1076 3027 1210 3085 Nilotide

191 3094 210 3148 l.
230 3096 409 3164 Dansqueius
493 3102 545 3151 431
561 3103 626 3167 post
643 3096 783 3166 Memphis
806 3100 862 3153 duo
884 3100 1015 3154 canense
1033 3100 1209 3158 hemistichia

191 3167 260 3220 mihi
273 3168 414 3235 persuasit
431 3168 548 3239 Halterp
565 3171 603 3236 (p.
619 3169 650 3234 i.)
669 3199 702 3208 -
721 3168 840 3240 passim]
863 3186 916 3239 par
932 3170 990 3223 iam
1010 3169 1210 3228 Schiichtetsen

192 3240 229 3304 (p.
246 3238 276 3299 i.)
298 3268 331 3277 -
350 3238 387 3292 M.
401 3236 545 3308 Amyclaei
570 3239 601 3292 in
623 3237 701 3293 fossa
723 3240 769 3308 (ad
789 3240 905 3309 fossam)
930 3242 948 3295 l.
969 3239 1075 3309 Canopi
1095 3243 1142 3296 uei
1166 3243 1207 3298 M.

192 3306 342 3375 Amyclaeo
361 3307 453 3363 fossae
471 3309 600 3378 (fossam)
617 3309 772 3365 insultante
787 3310 902 3381 Oanopo
920 3313 1039 3380 Ruperti
1066 3312 1102 3381 M,
1118 3314 1209 3383 Amy·

193 3376 265 3433 olaei
283 3377 417 3434 simulans
434 3379 543 3434 lasciua
561 3380 668 3451 Canopi
689 3381 769 3436 Thilo
789 3385 829 3454 (p.
844 3384 873 3451 t.)
924 3389 985 3438 4³0.
1005 3388 1038 3436 31
1057 3381 1095 3436 Et
1113 3385 1164 3439 str.
1181 3401 1209 3440 a.

193 3449 345 3519 Phrygium
369 3450 406 3504 ad
428 3449 555 3507 Nilotica
576 3452 651 3507 lotos
676 3454 854 3523 Tympanam
878 3453 1030 3523 Amyclaeo
1052 3454 1160 3522 passim
1188 3456 1209 3510 l.

192 3519 307 3590 Canopo
328 3522 411 3577 Blass
482 3529 535 3578 435
554 3539 654 3578 cauere
674 3528 716 3576 ov
