2438 3924
395 175 611 232 Punlconuu
629 175 738 231 munla
756 174 803 230 Xl.
1071 175 1112 239 13

101 340 148 404 At
169 344 207 404 tu
231 340 352 404 securis
375 339 514 404 concede
537 339 711 424 penatibus
735 341 768 403 et
791 358 844 403 me

100 429 224 513 Linque
238 450 329 492 meae
342 427 460 505 monti3
474 449 637 492 summum
652 426 739 511 quod
753 424 859 492 credis
872 428 905 491 00
919 447 1041 511 aequas
1058 441 1112 493 303

99 517 320 582 Hannibalem
344 517 480 601 superis,
503 537 526 580 o
547 519 705 600 qnantum
726 515 859 580 nomine
882 514 988 580 maior

100 607 172 671 Iam
194 605 305 670 Poeno
327 606 389 669 tibi
412 608 509 669 natus
532 603 626 668 eritl'
661 601 826 668 [librabat
849 603 892 668 ab
915 624 972 668 ore

101 694 194 779 Ignis
216 698 320 776 atrox,
343 693 535 778 animusque
557 692 620 757 uiri
643 692 711 757 iam
734 691 824 757 bella
846 691 992 777 gerebat,

101 781 186 848 Cum
207 783 325 866 senior,
347 782 435 847 tanti
456 781 583 865 pondus
606 781 788 846 conaminis
811 800 912 865 aegra

100 872 171 936 lam
195 871 315 935 dudum
337 870 394 935 uix
416 892 492 934 aure
515 870 631 955 ferens,
648 868 882 934 tremebundus
902 867 1022 933 ibidem
1060 884 1112 932 330

100 957 265 1024 Sternitur
288 965 320 1022 et
343 959 479 1043 pedibus
502 958 615 1023 crebro
639 958 760 1042 pauida
783 958 896 1023 oscula
918 957 1036 1040 figens:

100 1047 181 1112 ‘Per
204 1049 233 1112 si
256 1047 332 1130 quid
356 1052 506 1132 superest
523 1047 621 1129 uitae,
644 1069 704 1130 per
725 1048 800 1113 iura
819 1045 965 1130 parentis

102 1136 226 1221 Perque
249 1140 340 1200 tuam
363 1139 478 1200 nostra
500 1135 671 1219 potiorem,
693 1138 779 1218 nate,
803 1135 951 1218 salutem,

101 1225 235 1289 Absiste
258 1223 406 1308 inceptis,
429 1245 496 1307 oro,
518 1246 560 1289 ne
583 1223 741 1310 sanguine
764 1245 894 1289 cernam

101 1312 234 1377 Polluta
256 1312 398 1396 hospitia
421 1334 458 1377 ac
481 1313 560 1378 tabo
583 1313 707 1397 repleta
730 1316 864 1379 cruento
1060 1325 1111 1375 330

101 1401 224 1466 Pocula
246 1404 280 1464 et
302 1422 432 1465 euersas
455 1423 584 1487 pugnae
607 1401 784 1466 certamine
808 1421 947 1465 meuses.
990 1449 992 1453 «

100 1489 191 1553 Tune
213 1489 317 1573 illum,
340 1511 434 1572 quem
457 1512 525 1554 non
548 1489 641 1571 acies,
663 1510 730 1553 non
753 1488 882 1554 moenia
905 1490 937 1553 00
960 1487 1056 1553 urbes

100 1577 200 1642 Ferre
223 1578 344 1662 ualent,
367 1599 440 1642 cum
463 1578 554 1642 frons
577 1577 711 1661 propior
734 1579 908 1661 lumenque
931 1597 1065 1641 corusco

102 1667 183 1751 Igne
207 1667 316 1749 micat,
339 1669 417 1730 tune
441 1665 499 1730 illa
522 1665 595 1749 uiri,
619 1686 701 1748 quae
725 1664 845 1729 uertice
868 1662 984 1746 fundit,

103 1754 256 1819 Fulmina
279 1754 460 1838 pertuleris,
484 1754 513 1817 si
535 1753 607 1817 uiso
631 1752 800 1817 intorserit
823 1772 898 1816 ense
1060 1767 1111 1816 340

103 1842 226 1925 Diram,
249 1863 313 1925 qua
336 1841 438 1905 uertit
461 1862 519 1925 per
542 1861 675 1925 campos
699 1839 838 1925 agmine,
861 1840 996 1905 uocem?

100 1930 204 1994 Fallit
227 1933 270 2011 00,
292 1950 421 1993 menses
444 1928 530 1994 inter
553 1927 639 2014 quod
661 1927 764 1994 credis
786 1928 951 1993 inermem.

101 2018 167 2082 Tot
191 2017 285 2083 bellis
309 2017 457 2101 quaesita
480 2017 561 2100 uiro,
585 2020 636 2082 tot
659 2016 811 2081 caedibus
836 2018 943 2082 armet

100 2106 258 2171 Maiestas
282 2109 415 2171 aeterna
438 2106 559 2171 ducem.
593 2105 621 2170 si
645 2105 826 2170 admoueris
851 2126 916 2189 ora,
1058 2120 1110 2171 344

101 2194 233 2260 Cannas
252 2198 285 2258 et
299 2195 451 2260 Trebiam
471 2198 547 2260 ante
562 2193 672 2260 oculos
687 2193 996 2277 Thrasymennaqne
1014 2194 1111 2258 busta

100 2283 147 2348 Et
168 2283 263 2348 Pauli
287 2287 374 2348 stare
397 2284 563 2367 ingentem
587 2283 756 2349 miraberis
780 2283 937 2347 umbram.

101 2372 208 2448 Quid?
240 2375 333 2435 tauto
356 2371 391 2435 in
414 2393 489 2436 casu
514 2372 668 2437 comitum
692 2372 847 2457 iuxtaque
871 2370 1031 2436 iacentum

99 2459 291 2544 Torpebunt
314 2460 468 2525 dextrae?
492 2482 596 2545 parce,
620 2482 687 2545 oro,
711 2464 744 2524 et
767 2460 876 2524 desine
899 2460 990 2543 uelle,

100 2547 162 2613 Cui
184 2570 323 2631 nequeas
347 2548 453 2613 uictor
476 2570 652 2633 superesse.
684 2570 727 2612 an
749 2549 856 2613 tristia
878 2548 986 2613 uincla

100 2636 147 2701 Et
169 2636 287 2701 Decius
309 2658 374 2702 non
399 2637 549 2701 erudiunt
572 2658 765 2721 componere
788 2635 967 2703 mentem‘l’
1059 2653 1111 2700 330

146 2725 240 2789 Talia
262 2746 530 2808 commemorans,
552 2725 660 2790 famae
684 2726 817 2790 maioris
841 2746 950 2790 eruore

102 2813 315 2897 Flagrantem
337 2816 375 2876 ut
397 2812 480 2878 uidit
502 2814 651 2878 iuuenem
677 2814 873 2896 surdumque
898 2814 1021 2877 timori:

101 2900 175 2966 ‘Nil
198 2903 286 2965 ultra
309 2922 417 2986 posce,
440 2900 524 2966 refer
547 2903 581 2966 in
605 2903 754 2968 conuiuia
777 2924 937 2986 gressuum

100 3028 246 3036 .——--—----v
260 3028 313 3034 ——-

173 3115 226 3165 324
250 3109 288 3162 nt
306 3112 338 3163 00
358 3116 393 3162 ch
421 3112 458 3165 Et
482 3113 512 3164 tn
536 3117 552 3163 3
573 3143 604 3151 -
628 3129 742 3165 securus
765 3111 809 3165 uel
837 3109 951 3164 secretis
978 3110 1034 3164 Hei

101 3187 153 3236 331
173 3181 303 3251 pedibus]
323 3181 442 3251 genibus
462 3181 597 3237 Schrader
642 3188 694 3236 330
715 3183 840 3235 inuersae
855 3182 938 3235 Blum
986 3186 1036 3233 337
1057 3198 1074 3234 0

100 3252 214 3307 moenia
231 3255 275 3303 Π
297 3268 350 3306 nec
368 3269 405 3305 m.
424 3257 464 3304 Lo
511 3258 563 3307 338
582 3251 709 3321 proprior
727 3256 770 3304 LV
818 3257 870 3305 340
890 3251 1062 3306 interseritL

100 3338 197 3377 ensem
218 3326 260 3373 ov
318 3329 368 3377 341
389 3340 474 3391 quam
490 3328 532 3375 ov
596 3330 649 3377 344
668 3323 880 3377 interneBotbe
943 3328 994 3377 345
1015 3322 1105 3377 busta
1163 3388 1166 3393 Ι

100 3395 193 3448 lustra
210 3393 294 3447 Bluee
366 3395 564 3448 3471000010
585 3393 661 3447 rabie
681 3394 800 3462 Ruperti
865 3394 1135 3464 343001101100111-

100 3464 236 3589 geiueiue
255 3463 329 3519 bello
349 3465 436 3520 Bothe
513 3471 564 3519 349
585 3465 653 3518 Cum
673 3465 849 3534 Deaequeiue
931 3464 1110 3519 3031110001·-

133 3551 237 3590 auarus
