2438 3924
179 177 223 242 22
579 173 646 229 sni
665 172 799 230 inanior

176 338 325 405 Exitium
348 342 495 422 accept03
519 336 678 421 citiusque
700 336 781 401 haec
802 335 934 401 foedera
957 336 1079 419 uictor,

178 429 282 504 Quam
306 427 422 512 uictus,
444 425 545 491 dabit.
578 429 676 509 atque
699 425 789 509 adeo,
811 424 868 509 qui
890 428 985 490 tanta
1008 429 1157 510 superbo

178 516 282 582 Facta
305 538 402 582 sonas
426 537 481 580 ore
504 519 538 579 et
561 513 726 598 spumanti
749 513 879 578 turbine
902 513 1022 598 perflas

176 605 392 691 Ignorantum
417 624 525 687 aures,
548 602 615 686 dic,
638 623 692 687 en,
716 623 890 688 germanus
913 603 948 665 in
971 603 1072 668 armis
1147 621 1200 671 580

176 695 239 760 Ille
262 698 337 760 tuus
361 715 421 778 par
445 690 602 775 Gradiue,
624 711 683 774 per
706 691 835 755 saecula
857 691 955 755 tellus

178 782 239 849 cui
262 783 402 848 similem
424 800 604 863 numquam
627 778 794 844 ductorem
817 777 852 842 in
875 779 962 844 bella
985 781 1130 866 creauit,

177 870 309 937 Moenia
331 868 511 934 Romuleae
534 888 592 933 cur
614 867 758 933 nondum
780 866 900 933 uiderit
921 867 1037 933 urbis?

178 956 307 1024 Scilicet
331 980 349 1022 e
372 955 496 1044 gremio
520 958 661 1021 matrum
683 955 849 1039 rapiamus
872 962 904 1020 iu
927 955 1059 1022 hostem

176 1046 331 1112 Nondum
354 1045 522 1130 portandis
545 1043 674 1109 habiles
697 1044 904 1129 grauioribus
927 1045 1051 1111 armis?
1146 1065 1200 1115 585

177 1137 315 1199 Aeratas
338 1134 418 1199 iussi
442 1137 591 1198 texamus
615 1131 703 1197 mille
726 1133 868 1217 carinas,

178 1223 288 1308 Atque
312 1222 417 1287 omnis
440 1221 567 1306 Libyae
590 1224 766 1306 quaeratur
789 1222 886 1287 belua
908 1222 1018 1306 terris,

176 1311 224 1377 Ut
246 1312 348 1397 longa
370 1309 507 1395 imperia
531 1313 629 1395 atque
652 1313 797 1376 armatos
820 1314 977 1396 proroget
1001 1333 1107 1378 annos

177 1399 345 1464 Hannibal
369 1403 402 1465 et
423 1419 560 1485 reguum
583 1398 695 1464 trahat
718 1420 820 1483 usque
843 1400 878 1464 in
901 1404 1052 1484 tempora
1074 1401 1165 1468 fati?

176 1488 246 1554 Uos
262 1509 386 1554 uero-
398 1509 503 1574 neque
518 1487 741 1554 enimocculto
752 1487 989 1554 circumdamur
999 1492 1127 1554 astu-
1148 1508 1202 1559 590

177 1575 229 1641 Ne
253 1575 356 1642 dulcis
381 1577 520 1661 spoliate
544 1576 672 1660 domos3
695 1576 875 1662 castrisque
898 1580 1071 1661 potentum

177 1665 289 1749 Atque
312 1665 429 1751 opibus
453 1665 578 1732 sancite
600 1665 740 1730 modum.
777 1687 841 1749 pax
864 1665 990 1748 optima
1012 1688 1142 1752 rerum,

177 1752 265 1830 Quas
288 1754 415 1820 homini
436 1755 568 1820 nouisse
592 1754 704 1823 datum
727 1757 790 1838 est3
812 1776 877 1839 pax
899 1777 964 1818 una
987 1754 1172 1842 triumphis

177 1841 363 1908 Innumeris
385 1843 507 1929 potior;
528 1865 606 1928 pax,
630 1842 792 1908 custodire
815 1844 955 1907 salutem

176 1929 223 1997 Et
245 1931 326 1997 ciuis
350 1953 489 2016 aequare
512 1935 644 2017 potens,
667 1935 838 1996 reuocetur
860 1931 895 1995 in
917 1931 1000 1996 aroir
1148 1952 1202 2003 aas

177 2018 324 2085 Tandem
347 2018 510 2103 Sidoniam
534 2023 567 2084 et
589 2019 678 2085 fama
699 2018 832 2104 fugetur
856 2019 897 2083 ab
920 2020 1001 2085 urba

176 2107 351 2194 Perfidiae,
373 2107 567 2192 Phoenissa,
590 2112 655 2174 tua.
693 2107 722 2171 si
744 2110 840 2172 tanta
861 2107 964 2172 libido

177 2197 354 2262 Armorum
377 2199 468 2261 tenet
490 2199 588 2280 atquc
611 2216 705 2260 enses
728 2217 794 2260 non
816 2195 949 2260 reddere
972 2201 1102 2281 perstat

176 2285 332 2351 Poscenti
353 2283 496 2370 patriae,
517 2283 565 2346 nil
588 2283 795 2369 suppeditare
817 2283 922 2349 furori

177 2372 304 2439 Hortor
327 2372 462 2438 ethaeo
485 2371 582 2435 fratri
604 2371 780 2458 Magonem
803 2372 891 2438 dicta
913 2373 1055 2439 referre?
1147 2396 1202 2446 eoo

224 2461 324 2526 Plura
346 2463 572 2527 annectentem
590 2495 635 2506 —
652 2482 756 2546 neque
779 2461 865 2526 enim
889 2461 1069 2528 satiauerat
1092 2465 1164 2532 iras

177 2548 322 2614 Dicendo
345 2585 382 2595 -
404 2550 526 2614 clamor
547 2549 662 2617 turbat
684 2549 813 2614 diuersa
835 2551 1018 2617 uolentum:

178 2635 227 2703 ‘si
250 2637 374 2721 Libyae
398 2637 508 2722 decus,
532 2638 620 2703 haud
642 2637 704 2704 ulli
727 2639 921 2722 superabilis
944 2639 1058 2724 armis,

177 2721 345 2792 Hannibal
370 2728 421 2792 est
442 2725 511 2791 irae
534 2726 609 2811 tibi,
632 2726 846 2795 destituemus
870 2728 911 2792 ad
935 2729 1024 2813 ipsas

179 2814 347 2883 Uictorem
370 2814 498 2880 metas?
529 2837 589 2880 nec
612 2837 711 2900 opum
735 2815 920 2882 adiumenta
942 2817 1109 2883 feremus?
1146 2839 1202 2890 005

179 2902 309 2971 Inuidia
331 2904 426 2970 unius
450 2907 579 2988 sceptra
601 2905 728 2969 utiam
750 2908 847 2989 parta
869 2905 1047 2971 retardeti'

179 2992 259 3057 Inde
282 2994 405 3058 alacres
429 2994 591 3077 tribuunt,
614 3014 696 3077 quae
718 2993 798 3057 belli
820 2998 968 3077 posceret
991 3017 1084 3079 usus,

179 3081 384 3165 Absentique
408 3104 503 3146 suum
525 3081 651 3146 iactant
673 3082 733 3146 sub
757 3085 841 3154 teste
864 3081 1019 3148 fauorem.

252 3400 304 3450 588
326 3395 428 3451 uicerit
446 3395 582 3452 Halmius
654 3402 706 3452 584
729 3413 745 3451 e
763 3397 870 3467 gremio
889 3403 926 3450 eh
998 3401 1050 3453 588
1070 3397 1144 3457 iussi
1164 3410 1203 3458 oh

181 3472 231 3523 591
262 3466 386 3537 spoliata
413 3473 429 3519 8
538 3471 589 3522 out
616 3469 683 3522 tuae
711 3473 774 3522 cha
895 3474 946 3523 601
974 3467 1132 3526 satiauerat
1157 3481 1202 3528 ov

181 3537 361 3595 sauciauerat
378 3543 420 3590 H
