2438 3924
170 147 214 212 26
570 143 788 199 simirrmor

170 309 345 374 Factorum
368 305 485 371 miles?
516 306 587 391 quis
612 305 675 371 erit
697 304 834 371 modus?
866 303 1007 390 Alpibus
1032 310 1130 373 astat
1162 324 1196 374 00

170 396 334 461 Nimirum
358 395 462 460 maior
486 394 603 478 moles,
627 397 660 459 et
683 394 835 459 scandere
860 394 984 459 caelum

170 484 336 550 Pulsantis
359 483 454 548 iubeo
479 483 644 567 scopulos3
668 504 867 566 quamquam
890 482 994 547 altera
1017 483 1122 549 detur

171 570 207 638 Si
231 573 347 638 similis
370 572 483 657 tellus,
507 571 653 655 aliaeque
677 575 809 654 repente
832 571 891 635 sub
916 575 1005 635 astra

169 660 342 748 Exurgant
365 681 475 745 rupes,
498 681 565 725 non
587 659 650 724 ihis
674 664 707 723 et
731 658 848 724 arduus
872 680 963 723 arma
1180 720 1183 728 ,

170 749 224 814 Me
248 750 383 815 ducente
405 747 513 812 feres?
545 751 619 813 tene
642 747 705 813 heu
729 745 893 812 Cumanus
916 747 1063 812 hiantem
1160 766 1195 816 '15

170 839 284 925 Agger
307 837 411 902 adhuc
435 858 609 920 murusque
632 839 722 900 tenet
745 835 965 922 Gracchusue,
986 839 1121 902 moueri

170 926 246 992 Non
270 947 367 991 ausus
390 924 516 1009 portis?
547 946 649 1008 paruo
672 925 707 988 in
731 924 916 989 discrimine
939 946 1053 1011 cerne,

171 1015 226 1080 An
248 1013 341 1079 uobis
366 1017 493 1099 gentes,
516 1034 736 1098 quaecumque
759 1012 871 1078 labore
895 1013 1052 1097 parastis,

171 1101 257 1169 (issu
280 1106 373 1188 gesta
395 1101 534 1187 putent?
556 1123 616 1186 per
638 1123 697 1167 uos
721 1100 891 1185 Tyrrhena
912 1101 1086 1166 fauentum

173 1191 298 1277 Stagna
312 1191 417 1273 deum,
430 1211 488 1274 per
503 1209 564 1274 ego
580 1194 613 1254 et
622 1189 774 1256 Trebiam
789 1190 976 1275 cineresque
991 1187 1141 1275 Sagunti
1160 1209 1197 1260 80

171 1280 341 1363 Obtestor,
357 1278 479 1361 dignos
503 1279 568 1343 iam
591 1283 721 1344 uosmet
743 1278 868 1344 reddite
889 1282 1013 1363 uestra,

87 1407 93 1413 ,
173 1367 276 1444 Quam
301 1367 443 1451 trahitis,
465 1366 555 1432 fama
579 1371 611 1432 et
633 1371 783 1434 reuocate
806 1367 841 1431 in
859 1370 991 1452 pectora
1010 1365 1173 1435 Cannas?

217 1455 269 1520 Sic
292 1455 407 1521 ductor
429 1455 532 1520 fessas
556 1456 634 1520 luxu
658 1455 853 1540 attritasque
875 1455 1023 1521 secundis

171 1543 307 1629 Erigere
331 1547 364 1609 et
388 1544 497 1609 uerbis
520 1544 672 1610 tentabat
695 1544 810 1609 sistere
833 1549 969 1609 mentes.

170 1634 280 1717 Atque
303 1632 355 1697 hic
379 1633 582 1716 perlustrans
606 1632 726 1717 aditus,
749 1633 909 1719 fulgentia
932 1632 1037 1698 cernit
1159 1651 1195 1703 ss

171 1721 263 1787 Arois
286 1721 410 1806 templa
433 1721 525 1808 iugo,
548 1744 686 1806 quorum
709 1725 780 1786 tum
804 1720 944 1805 Uirrius,
968 1721 1056 1786 altae

88 1859 92 1863 ,
169 1809 310 1874 Immitis
334 1810 449 1875 ductor
472 1809 615 1894 Capuae,
637 1809 815 1894 primordia
838 1809 965 1894 pandit:

171 1896 259 1964 ‘Non
282 1901 332 1962 est
354 1897 442 1976 hoc,'
465 1897 584 1982 inquit,
608 1898 738 1980 nostri,
762 1898 848 1981 quod
873 1897 1023 1982 suspicis,
1048 1900 1142 1986 aeui3

171 1984 310 2050 Maiores
333 1984 439 2051 fecere
463 2008 587 2051 manus.
619 2008 691 2051 cum
714 2007 816 2071 regne
839 1987 971 2051 timeret

171 2073 298 2138 Dictaei
321 2074 423 2158 regis,
446 2073 492 2138 sic
514 2073 602 2139 fama
627 2077 689 2156 cst,
713 2073 858 2157 linquere
882 2079 987 2139 terras
1159 2094 1196 2145 00

170 2160 334 2226 Daedalus
357 2161 483 2228 inuenit
505 2182 564 2226 nec
587 2164 659 2227 toto
683 2162 780 2247 signa
802 2163 950 2246 sequenti

170 2249 256 2314 Orbe
279 2249 370 2332 dare,
394 2248 553 2313 aetherias
578 2249 684 2314 aliena
706 2249 822 2314 tollere
845 2252 879 2314 in
903 2273 999 2316 auras

170 2338 281 2402 Ausus
305 2358 464 2421 sopenna
487 2341 584 2420 atque
607 2337 733 2403 homini
756 2342 938 2404 monstrare
961 2339 1104 2405 uolatus.

172 2422 371 2509 Suspensum
393 2425 447 2490 hic
469 2424 594 2490 librans
618 2425 724 2490 media
747 2427 832 2491 inter
854 2427 969 2492 nubila
992 2449 1113 2512 corpus

170 2513 294 2579 Enauit
317 2535 515 2598 superosque
538 2535 642 2579 nouus
667 2515 846 2580 conterruit
870 2517 947 2580 ales.
1156 2535 1193 2585 00

169 2599 291 2666 Natum
315 2601 413 2666 etiam
437 2601 547 2667 docuit
570 2602 670 2667 falsae
695 2604 755 2668 sub
778 2603 921 2688 imagine
944 2604 1076 2689 plumae

242 2799 273 2848 71
300 2793 425 2848 scindere
448 2792 584 2848 Sciuader
663 2793 665 2797 ’
692 2799 725 2850 75
749 2797 815 2850 tene
834 2801 877 2848 cm
901 2794 957 2864 Ep.
977 2799 1012 2851 64
1037 2797 1067 2851 tc
1086 2813 1124 2852 ne
1144 2805 1190 2854 Π

171 2865 251 2920 tenet
270 2868 312 2917 ov
327 2896 361 2905 -
376 2865 488 2919 euntem
507 2863 644 2920 Schrader
725 2870 758 2919 ‘16
776 2867 949 2935 gracchanus
967 2871 1008 2919 Lo
1033 2867 1193 2936 gracchus·

170 2953 224 3004 que
246 2939 291 2988 Π
319 2935 531 3003 Gracchumque
554 2941 579 2990 et
603 2942 636 2991 Π
660 2951 758 2990 ausum
781 2937 865 3006 uutpo
883 2941 991 2992 mnata
1008 2938 1193 2999 dictinctione

171 3012 196 3061 et
213 3006 439 3077 interropationis
455 3007 535 3074 siquo
548 3012 613 3076 post
632 3022 715 3061 cerno
731 3008 822 3074 posito
894 3011 929 3062 ‘18
952 3008 996 3062 Au
1015 3014 1059 3060 cn
1078 3009 1097 3064 l.
1112 3010 1132 3065 l.
1154 3041 1191 3054 -

169 3075 289 3131 nobiso
380 3082 413 3132 '19
437 3094 488 3146 per
510 3093 562 3132 uos
581 3084 626 3130 cm
652 3078 670 3131 l.
685 3078 702 3132 i.
724 3082 740 3129 Ι
767 3093 818 3131 uos
837 3094 889 3146 per
910 3079 995 3148 uulgo
1086 3084 1131 3137 81.
1154 3086 1191 3138 82

171 3150 282 3202 uestrae
302 3152 346 3215 ch,
365 3149 439 3203 unde
456 3150 567 3202 uestrae
587 3179 619 3188 -
639 3147 731 3203 famae
750 3149 885 3204 Heinsius
904 3179 936 3188 -
956 3148 1076 3215 reddite,
1095 3153 1192 3220 gestis

171 3218 260 3284 Quam
284 3216 411 3287 trahitis,
434 3217 512 3273 fama
533 3219 704 3288 Ruperti-
725 3218 755 3272 in
776 3220 893 3288 pectora
915 3225 952 3272 ch
1059 3225 1095 3275 8⁶
1118 3221 1192 3281 hino

170 3288 306 3343 Heinsius
396 3295 430 3344 86
454 3289 513 3343 alta
531 3288 668 3345 Schrader
758 3294 791 3343 87
810 3289 943 3362 Immitis]
961 3289 1123 3347 Immeritus
1143 3298 1193 3353 uel

170 3357 244 3414 Ante
262 3358 352 3414 omnis
370 3361 416 3415 uel
433 3359 554 3414 Intuitur
572 3359 708 3416 Heinsius
730 3359 835 3414 Infidus
854 3363 1004 3417 Burmann
1025 3361 1086 3416 Iam
1105 3363 1192 3423 mitis

170 3429 306 3486 Schrader
377 3435 411 3486 89
434 3447 523 3499 regna
540 3431 654 3487 timeret
673 3437 716 3484 cm
740 3431 795 3501 Ep.
817 3437 853 3487 64
877 3437 893 3483 0
920 3431 997 3487 bella
1014 3432 1132 3492 timeret
1152 3444 1192 3496 cn

171 3505 206 3555 90
223 3499 326 3573 terrae]
345 3503 407 3556 teas
425 3506 446 3554 Ι
466 3503 513 3570 (cf.
530 3503 589 3558 XI.
603 3505 671 3567 483)
745 3508 778 3558 91
798 3502 934 3572 sequendi
952 3502 1062 3560 Gronov
