2438 3924
158 154 224 219 124
559 149 627 206 SILI
644 149 777 206 ITALICI

157 317 218 381 Ille
241 317 313 382 foro
337 315 476 398 auditus,
500 335 573 379 eum
598 314 704 379 dulcia
725 313 870 377 soluerat
894 333 960 398 ora,
1130 330 1176 379 455

158 406 330 490 Aequabat
352 403 466 487 Pyliae
489 402 605 467 Neleia
628 402 725 466 mella
749 405 905 466 senectae.

159 494 231 579 Ille,
253 494 310 558 ubi
334 491 484 578 suspensi
506 496 626 575 patres,
649 495 682 554 et
705 489 794 554 curia
816 511 931 555 uocem

157 582 320 666 Posceret,
342 586 379 645 ut
403 584 510 663 cantu,
532 579 672 645 ducebat
695 579 793 644 corda
817 583 958 643 senatus.

158 671 258 756 Idem,
280 692 354 735 cum
378 669 521 734 subitum
545 689 659 750 campo
682 668 916 751 perstrinxerat
939 666 1030 731 auris

157 759 305 824 Murmur
327 758 423 823 triste
445 758 554 839 tubae,
576 760 670 821 tanto
693 755 821 821 feruore
845 756 961 820 ruebat
1127 773 1175 822 450

158 848 197 913 In
220 869 364 934 pugnarn
389 850 486 929 atque
510 846 606 928 acies,
629 849 667 909 ut
689 848 802 908 natum
827 844 867 909 ad
891 844 963 908 sola
986 844 1133 928 liqueret

158 937 266 1001 Bella:
289 935 371 1000 nihil
394 936 483 1000 uitae
505 933 619 1018 peragi
642 933 712 997 sine
735 932 828 997 laude
851 933 1014 1016 placebat.

159 1024 248 1090 Tunc
272 1028 305 1088 et
327 1023 451 1088 furtiua
472 1026 668 1087 tractantem
691 1022 815 1103 proelia
838 1021 909 1085 luce

159 1112 286 1177 Deiecit
308 1110 439 1194 Galam3
463 1111 563 1175 sacris
587 1108 798 1194 Carthaginis
820 1109 914 1173 illum

160 1199 336 1284 Supposito
360 1203 466 1264 mater
489 1203 586 1281 partu
610 1199 809 1263 subduxerat
833 1199 922 1280 olim,
1125 1216 1175 1265 455

160 1287 223 1354 Sed
246 1291 335 1353 stant
357 1288 448 1353 nulla
472 1288 526 1352 diu
550 1287 691 1372 deceptis
715 1286 834 1371 gaudia
856 1285 951 1350 diuis.

158 1377 249 1441 Tunc
258 1376 400 1459 Alabim,
414 1375 562 1441 Murrum
577 1379 674 1459 atque
688 1373 816 1440 Dracen
830 1375 961 1440 demisit
975 1375 1016 1439 ad
1033 1377 1176 1462 umbras,

160 1465 313 1530 Femineo
337 1465 478 1530 clamore
500 1463 629 1530 Dracen
653 1469 796 1528 extrema
819 1468 1005 1549 rogantem3

161 1553 267 1619 Huius
292 1553 450 1619 ceruicem
473 1553 583 1638 gladio
606 1553 692 1617 inter
714 1552 816 1616 uerba
838 1573 1015 1637 precesque

161 1645 332 1727 Amputat.
369 1642 496 1708 absciso
521 1642 683 1706 durabant
706 1663 873 1705 murmura
896 1641 991 1705 collo.
1127 1657 1176 1707 470

208 1733 253 1796 At
275 1752 343 1796 non
366 1731 494 1796 ductori
514 1729 639 1814 Libyco
663 1752 722 1814 par
745 1729 843 1794 ardor
865 1730 900 1793 in
922 1730 1033 1794 armis.

161 1819 319 1885 Frondosi
343 1819 435 1885 collis
458 1820 604 1883 latebras
628 1841 666 1884 ac
689 1840 767 1882 saxa
791 1817 933 1901 capessit

162 1909 256 1991 Auia,
278 1929 338 1973 nec
361 1908 475 1974 caedes
500 1913 686 1971 extremaue
709 1906 828 1971 damna
850 1906 1029 1971 mouebant
1102 1920 1105 1924 ’

156 1997 323 2082 'Agminis
359 1996 490 2060 Italiam
513 1995 671 2080 profugus
695 1996 866 2078 spectabat
889 1998 922 2059 et
945 1992 1053 2079 Alpis,

159 2085 310 2150 Praemia
324 2105 446 2169 magna
458 2083 565 2167 fugae.
594 2085 730 2148 tacitum
745 2084 802 2147 dat
816 2086 941 2148 tessera
954 2083 1104 2168 signum:
1126 2099 1176 2149 475

160 2173 307 2238 Dimissa
330 2173 364 2237 in
387 2172 480 2237 collis
503 2192 616 2257 pugna
639 2171 804 2255 siluasque
827 2171 974 2236 ferantur

161 2260 310 2345 Dispersi
329 2264 362 2325 et
385 2281 556 2343 summam,
580 2261 771 2344 quicumque
795 2260 945 2341 suaserit,
968 2281 1079 2324 arcem

161 2348 304 2432 Pyrenes
329 2347 519 2431 culmenque
542 2353 642 2432 petat.
679 2352 751 2412 tum
773 2349 908 2433 primus,
931 2348 1054 2413 honore

161 2438 338 2503 Armorum
363 2439 460 2502 exuto
484 2440 517 2499 et
539 2458 654 2520 parma
677 2437 802 2502 celatus
826 2436 961 2519 Hibera,

160 2526 200 2590 In
224 2526 346 2590 montis
370 2524 440 2590 abit
463 2528 561 2608 atque
584 2525 697 2589 uolens
721 2524 868 2608 palantia
890 2525 1010 2609 linquit
1125 2542 1177 2592 460

162 2615 314 2701 Agmina.
353 2613 489 2678 desertis
513 2612 627 2677 Latius
650 2613 797 2678 uictricia
820 2613 916 2697 signs

234 2810 286 2860 455
306 2805 380 2876 loro]
394 2804 482 2859 feros
497 2834 530 2844 -
546 2820 610 2857 cnm
629 2803 734 2874 dulcia]
754 2802 832 2857 dulci
851 2809 941 2858 cums
956 2834 989 2844 -
1004 2803 1178 2860 solueratch

161 2877 319 2932 soluerets
406 2881 457 2930 456
476 2873 569 2930 neleia
586 2879 627 2926 nr
656 2874 794 2944 uoleyao
822 2874 915 2929 ueleia
933 2880 955 2927 v
974 2905 1008 2915 —
1027 2874 1116 2931 mella
1135 2883 1178 2929 cm

160 2949 215 3016 Ep.
232 2953 250 3003 7
263 2953 304 3000 Η·
323 2946 450 3001 membra
464 2949 507 2998 ov
519 2946 566 3010 (Τ.
579 2962 608 3013 p.
623 2948 694 3014 224)
729 2948 783 3000 458
801 2947 923 3003 utoml.
938 2947 954 3000 t.
991 2950 1045 3000 459
1064 2946 1178 3002 subitae

161 3020 267 3086 (tubae)
286 3018 330 3072 net
349 3016 456 3071 subitas
477 3018 579 3085 (auris)
599 3015 734 3071 Heinsius
839 3022 892 3071 468
917 3017 947 3071 et
967 3015 1075 3071 furtiua
1094 3023 1177 3071 0er

161 3089 303 3144 sfurtiua
322 3093 365 3141 ov
385 3118 417 3128 -
437 3089 500 3143 luce
520 3092 562 3139 ov
589 3086 647 3140 luci
669 3091 732 3140 cna
760 3087 842 3140 lucr
871 3086 1013 3141 sfurtiuc
1031 3117 1067 3128 -
1087 3089 1178 3144 lustro

161 3160 310 3215 Burmann
329 3175 344 3213 5
359 3158 465 3214 furtiuo
475 3189 510 3200 -
519 3157 583 3212 luco
594 3157 704 3213 Gronov
718 3162 744 3212 ct
752 3157 888 3213 Heinsius
942 3163 993 3212 467
1004 3157 1132 3213 Murrum
1143 3166 1179 3213 ch

162 3261 196 3271 —
215 3232 312 3286 tracen
334 3234 399 3284 mv
431 3232 538 3285 tracem
563 3235 637 3281 1‘-
657 3228 765 3283 dimisit
782 3233 806 3280 V
912 3233 965 3283 468
988 3229 1093 3284 dracen
1112 3236 1179 3284 rov

161 3301 251 3355 decen
282 3308 302 3354 1.
336 3332 368 3342 —
401 3301 562 3372 rogantem]
594 3302 746 3369 negantem
776 3299 864 3355 Bothe
903 3302 1059 3354 morantem
1097 3302 1181 3358 150480

161 3378 214 3426 470
239 3371 350 3427 absciso
379 3377 416 3426 ch
522 3377 575 3427 471
603 3370 632 3424 in
661 3388 740 3426 arma
766 3371 855 3427 Bothe
961 3375 1013 3424 477
1042 3373 1137 3427 artem
1164 3381 1180 3428 s

160 3448 214 3498 479
233 3459 333 3513 parma
348 3447 391 3496 ov
409 3442 541 3513 peruiaL
560 3441 694 3512 paruis!
753 3446 806 3496 480
819 3442 919 3497 uolens
934 3449 950 3496 s
968 3441 1069 3497 uolans
1083 3445 1181 3515 natac,

145 3515 319 3585 quodprob.
338 3514 427 3573 Blass
946 3512 953 3528 ⁵
