2438 3924
99 166 162 231 156
499 165 568 220 SILI
586 164 722 221 ITALICI

99 328 198 393 Dirus
221 329 256 392 in
279 327 400 392 inuitas
423 327 538 413 effugit
561 328 695 412 spiritus
719 346 823 392 auras.
1068 345 1110 394 555

100 415 170 482 Nee
193 437 304 482 manes
328 438 440 499 pacem
464 417 561 501 passi.
597 437 675 480 nam
698 437 835 499 corpora
855 414 998 482 iunctus

99 505 175 571 Una
198 527 272 570 eum
295 509 424 588 raperet
446 505 577 569 flamma
600 525 709 589 rogus,
731 503 850 589 impius
874 504 969 589 ignis

98 593 260 675 Dissiluit,
283 593 470 676 cineresque
494 592 591 656 simul
613 591 752 658 iacuisse
773 597 951 678 negarunt.

100 680 216 747 Cetera
239 681 394 745 distinete
418 681 538 746 donata
561 683 611 745 est
633 701 765 745 munere
787 681 897 765 turba,

98 769 146 835 Ut
169 770 274 834 uirtus
298 772 332 834 et
354 770 467 834 dextra
489 768 562 834 fuit.
599 768 717 834 duxere
740 771 907 853 iuuencos,
1069 788 1113 836 555

99 857 272 941 Impressis
296 857 416 921 dociles
439 860 560 922 terram
583 857 790 942 proscindere
813 856 952 942 aratris3

102 945 230 1010 Duxere
254 948 401 1010 assuetos
423 945 528 1010 lustra
551 945 716 1029 exagitare
739 944 884 1009 ferarum

99 1033 230 1098 Uenatu
253 1034 395 1115 iuuenes,
418 1055 499 1118 quos
524 1033 580 1098 dat
601 1032 769 1098 Maurusia
791 1033 923 1116 praeda.

101 1120 236 1186 Necnon
259 1121 386 1206 argenti
408 1142 534 1186 necnon
556 1121 699 1208 insignia
722 1122 824 1186 uestis

100 1208 260 1294 Captiuae
283 1209 388 1293 pretia
412 1212 445 1274 et
469 1211 597 1294 sonipes
622 1214 654 1274 et
677 1210 776 1274 crista
797 1210 918 1275 nitenti
1072 1229 1116 1278 555

101 1296 278 1382 insurgens
302 1319 392 1382 ceno,
416 1298 521 1382 spolia
544 1298 741 1383 exuuiaeque
764 1296 935 1383 Libyssae.

146 1384 229 1450 Tum
252 1386 358 1450 iaculo
382 1387 504 1470 petiere
529 1386 634 1471 decus,
657 1386 841 1470 spectacula
864 1385 946 1451 eirei

99 1473 280 1556 Postrema,
304 1478 336 1538 et
359 1479 464 1539 metae
488 1478 654 1540 certarunt
675 1474 803 1540 uincere
824 1473 929 1539 finem

100 1561 229 1627 Burnus
253 1562 324 1627 auis
347 1563 483 1646 pollens,
508 1584 603 1647 quem
628 1563 719 1628 misit
741 1563 812 1647 ripa
835 1562 975 1649 metalli,

101 1649 173 1725 Qua
195 1651 305 1736 Tagus
329 1651 478 1716 auriferis
501 1652 605 1737 pallet
627 1652 777 1717 turbatus
801 1650 952 1737 harenis,
1072 1671 1118 1722 555

99 1738 145 1803 111
168 1739 300 1824 Glagus,
323 1739 461 1823 insignis
484 1743 601 1804 uentos
625 1739 747 1804 anteire
770 1739 906 1822 laeert03

99 1826 155 1913 Et,
178 1827 269 1892 euius
291 1849 469 1911 numquam
493 1827 617 1912 fugisse
639 1827 774 1892 hastilia
797 1827 884 1891 eerui

98 1914 296 1999 Praerapida
318 1919 454 1999 potuere
476 1916 563 2001 fuga,
586 1921 722 1981 uenator
744 1915 920 2000 Aconteus,

99 2002 325 2088 Indibilisque,
348 2003 402 2068 din
425 2005 532 2069 laetus
555 2004 677 2069 bellare
699 2002 835 2086 Latinis,

98 2090 170 2156 Iam
194 2092 314 2176 socius3
339 2093 546 2177 uolucresque
569 2112 671 2177 uagas
694 2091 891 2177 deprendere
914 2092 1008 2159 nube
1068 2110 1116 2162 555

99 2179 261 2244 Assuetus
284 2181 411 2265 iaculis,
432 2181 517 2245 idem
541 2184 574 2245 et
596 2181 747 2264 bellator,
769 2179 899 2244 Ilerdes.

99 2267 185 2334 Laus
208 2266 311 2333 Burni
334 2268 449 2353 prima,
471 2269 578 2332 infixit
602 2268 658 2352 qui
681 2268 806 2353 spinula
829 2271 953 2353 metae;

98 2354 163 2421 Est
187 2356 306 2421 denum
331 2378 434 2440 serua,
457 2357 597 2421 albentis
621 2357 780 2420 inuertere
804 2356 896 2420 lanas

100 2443 224 2509 Murice
248 2443 385 2508 Gaetulo
410 2444 513 2509 docta.
551 2448 595 2530 at,
618 2466 713 2528 quem
736 2443 885 2529 proxima
907 2443 1080 2513 honorant

97 2532 256 2615 Praemia,
280 2531 420 2596 uicinam
443 2537 550 2597 metae
575 2532 630 2617 qui
652 2532 798 2618 propulit
820 2532 963 2619 hastam,
1066 2550 1116 2602 510

170 2744 222 2794 545
236 2738 443 2795 inuisas-Blusr
503 2743 555 2795 545
573 2740 742 2795 iuncturam
756 2740 812 2810 Ep.
827 2743 917 2796 5510
941 2739 1060 2799 uinctus
1072 2748 1115 2797 ΙΝ

100 2811 197 2865 iuncta
211 2811 251 2866 ed.
266 2810 356 2866 Baua.
370 2816 449 2867 1522
463 2811 587 2880 aliaeque
629 2815 681 2866 541
696 2811 837 2866 flammam
851 2816 868 2863 5
913 2816 968 2866 555
981 2813 1115 2871 Marsuas

99 2882 267 2937 dumiensis
281 2882 358 2948 liter,
372 2883 421 2952 qui
433 2883 498 2937 hiae
511 2897 595 2950 usque
609 2884 646 2937 ad
659 2883 740 2950 finem
753 2883 867 2937 mutilata
880 2887 941 2937 erat
950 2913 985 2924 -
995 2883 1114 2957 nitenti]

98 2949 213 3007 rubenti
227 2951 362 3008 Schrader
433 2957 484 3006 559
502 2950 647 3007 Burnus!
664 2951 777 3008 Burinis
789 2957 833 3005 LV
850 2950 987 3007 Burinso
1009 2955 1115 3011 Burrus

97 3024 182 3106 salpe
190 3051 225 3062 —
235 3020 353 3106 Burnus,
368 3023 443 3093 agris
452 3041 480 3093 p.
490 3040 536 3092 qu.
548 3029 595 3079 515.
605 3023 759 3093 Hoeaffta'n
770 3023 1115 3109 Ρ515.55.5ᾱ.1508-

99 3093 1115 3237 555151111155115555515551

98 3235 490 3363 arseniusque.
527 3234 1114 3379 17-115111111151511

97 3327 562 3450 515555555119555135111111
590 3377 628 3432 nt
644 3384 686 3430 1AE
763 3383 815 3432 559
833 3376 1063 3433 honorantur
1081 3409 1113 3421 -

100 3448 137 3501 ad
155 3465 239 3517 quem
256 3450 385 3518 proxima
402 3450 509 3505 honore
527 3448 572 3503 Pr.
590 3449 723 3517 Lefetme
740 3464 773 3503 en
791 3448 849 3503 rod.
870 3447 936 3502 Pur.
955 3449 988 3502 at
1005 3447 1056 3503 eui
1072 3466 1113 3521 pr.

91 3519 349 3578 honoreHer‘ner‘us
391 3520 739 3594 570metaeqmentem
754 3519 1114 3586 (5155511-555551115
