2438 3924
153 139 216 204 148
549 137 617 192 SlLI
636 136 772 193 ITALICI

151 301 313 387 Pronique
332 322 370 366 ac
394 299 515 364 similes
539 299 740 364 certantibus
765 320 821 363 ore
844 303 1003 363 secuntur
1118 315 1161 366 020

152 389 295 474 Quisque
319 410 395 454 euos
419 408 531 453 currus
554 408 737 474 magnaque
759 385 949 452 uolantibus
974 387 1066 452 idem

151 478 240 543 Uoce
264 478 415 543 locuntur
439 476 539 560 equis.
577 476 722 560 quatitur
745 475 922 541 certamine
945 474 1056 541 circus

154 563 355 651 Oertantum,
379 587 415 630 ac
438 564 521 629 nulli
543 567 684 629 mentem
707 585 773 628 non
795 562 934 628 abstulit
958 563 1071 631 ardor.

153 654 283 720 Instant
305 653 498 738 praecipites
522 657 555 716 et
578 673 677 737 equos
701 652 843 716 clamore
866 651 1068 736 gubernant.

151 742 285 829 Fuluus,
307 743 467 807 harenosa
491 760 627 825 surgens
651 740 776 824 tellure,
800 740 859 804 sub
884 761 982 804 auras
1121 757 1165 808 023

150 830 301 916 Erigitur
325 830 442 916 globus
467 833 564 915 atque
588 829 695 912 operit
717 828 857 912 caligine
880 826 983 892 densa

151 916 433 1003 Cornipedumque
456 916 526 981 uias
549 917 802 1002 aurigarumque
823 915 965 980 labores.

150 1007 213 1071 Hio
237 1006 344 1071 studio
367 1006 447 1070 furit
470 1005 554 1070 acris
579 1005 662 1089 equi,
684 1005 765 1070 furit
786 1004 841 1069 ille
865 1003 1031 1089 magistri.

150 1093 220 1159 Hos
243 1095 370 1179 patriae
393 1094 496 1178 fauor,
518 1094 578 1158 bos
603 1094 749 1158 accendit
769 1092 879 1158 nobile
902 1114 1027 1157 nomen

151 1183 288 1267 Antiqui
312 1181 439 1246 stabuli.
477 1184 562 1266 eunt,
585 1203 666 1265 quos
690 1202 764 1265 spes
788 1184 883 1266 grata
904 1179 1030 1267 fatiget
1119 1198 1166 1248 330

150 1269 197 1335 Et
219 1292 306 1336 noua
329 1271 413 1335 ferre
435 1270 550 1355 iugum
573 1269 691 1335 ceruix.
728 1273 813 1351 sunt,
836 1267 936 1334 cruda
958 1273 1118 1336 senectus

151 1357 237 1433 Quos
261 1359 352 1422 iuuet
375 1363 408 1423 et
430 1359 528 1443 longo
553 1357 682 1442 sonipes
706 1359 872 1443 spectatus
894 1357 931 1421 in
954 1378 1050 1423 aeuo.

149 1445 272 1511 Euolat
296 1449 370 1510 ante
395 1446 499 1511 omnis
522 1445 698 1529 rapidoque
720 1467 779 1530 per
801 1466 877 1510 aera
900 1466 1000 1510 curru
1068 1461 1071 1466 ·

151 1533 311 1600 Callaicus
335 1533 484 1618 Lampon
506 1533 593 1619 fugit
616 1539 712 1618 atque
735 1532 882 1619 iugentia
904 1535 1019 1598 tranat

150 1622 310 1688 Exultane
335 1624 443 1707 spatia
466 1625 499 1686 et
521 1624 638 1686 uentos
660 1626 736 1706 post
758 1626 853 1707 terga
876 1621 1045 1706 relinquit.
1119 1638 1167 1688 330

150 1710 365 1777 Conclamant
387 1710 566 1796 plausuque
589 1709 733 1775 fremunt
756 1711 890 1794 uotique
914 1713 1092 1793 peractam

151 1797 308 1865 Maiorem
332 1798 467 1864 credunt
489 1801 661 1883 praerepto
685 1797 788 1863 limite
811 1799 948 1882 partem.

152 1886 207 1970 At,
231 1888 303 1972 quis
326 1887 462 1952 interior
485 1908 561 1951 cura
584 1893 617 1951 et
639 1885 812 1970 prudentia
834 1885 911 1950 circi

152 1974 270 2061 Altior,
293 1976 412 2040 effusae
434 1975 540 2059 primo
564 1975 739 2039 certamine
762 1974 848 2039 uires

150 2063 314 2128 Damnare
338 2067 371 2128 et
393 2063 494 2128 caseis
517 2063 616 2149 longe
639 2063 831 2148 increpitare
854 2061 996 2146 querelis
1116 2081 1168 2131 340

149 2149 377 2234 Indispensato
401 2152 578 2215 lassantem
602 2172 739 2236 corpora
761 2150 848 2226 nisu:

151 2238 238 2314 ‘Quo
252 2238 381 2318 nimius,
396 2260 469 2323 quo,
479 2236 595 2323 Oyrne,
608 2239 697 2304 ruis?
711 2275 749 2285 -
760 2260 837 2303 nam
847 2237 974 2322 Cyrnus
990 2240 1116 2326 agebat
1128 2276 1163 2288 -

151 2326 298 2392 Uerbera
321 2326 449 2390 dimitte
473 2331 506 2390 et
528 2348 645 2391 reuoca
664 2328 847 2392 moderatus
871 2325 1041 2394 habenas?

150 2414 225 2480 Heu
248 2415 360 2479 surdae
384 2415 491 2479 aures!
523 2413 627 2479 fertur
650 2436 781 2480 securus
806 2436 961 2499 equorum

150 2501 220 2568 Nee
244 2502 402 2585 meminit,
425 2506 582 2586 quantum
606 2505 712 2587 campi
735 2503 901 2568 decurrere
923 2506 1036 2569 restet
1118 2521 1167 2571 ³45

196 2591 377 2674 Proximus,
401 2613 420 2654 a
439 2591 542 2673 primo
562 2590 695 2674 distans,
714 2595 871 2676 quantum
891 2612 1032 2676 aequore
1053 2614 1166 2659 cumas

152 2680 295 2763 Occupat
318 2679 397 2763 ipse,
419 2679 483 2744 loci
506 2681 652 2763 tantum3
675 2679 731 2745 sed
754 2679 921 2764 proximus
943 2679 1016 2744 ibat

154 2797 341 2806 -—-—-...—
349 2796 368 2802 .-

223 2857 275 2906 320
295 2850 482 2922 certantibus]
502 2850 676 2920 agitantibus
700 2853 816 2923 Bentley
941 2857 993 2907 321
1016 2860 1168 2911 cursaret

153 2928 204 2978 322
222 2922 353 2976 locuntur
371 2928 411 2975 111²
440 2922 592 2991 loquuntur
612 2926 654 2974 ov
673 2953 707 2963 -
726 2922 889 2992 certamine]
913 2924 1061 2979 conamine
1081 2926 1169 2982 Bane

156 2999 207 3049 323
228 2992 404 3064 certantum]
424 2994 593 3047 Hortantum
612 2994 729 3066 Bentley
747 2999 772 3048 et
788 2993 917 3063 Ruperti,
935 2994 985 3064 qni
1003 2999 1030 3049 et
1049 2996 1169 3052 caeden-

152 3068 213 3119 tum
232 3065 303 3120 coni.
377 3069 429 3120 324
448 3063 616 3135 praecipites
631 3064 745 3121 Mediae
758 3065 861 3133 aliique
878 3065 1040 3135 praeceptis
1055 3071 1081 3134 s,
1097 3066 1169 3137 qaod

149 3136 229 3205 prob.
254 3135 371 3207 Bentley
495 3139 547 3189 333
575 3136 712 3204 raptoque
738 3135 873 3190 Heinsius
891 3166 924 3175 —
944 3133 1025 3206 aera]
1045 3152 1169 3207 aequora

154 3205 343 3261 8010αά30-
364 3211 542 3260 carruchas·
561 3220 643 3260 cursu
658 3210 700 3258 ov
741 3211 794 3261 334
812 3207 919 3275 Lampo
934 3210 971 3258 ch
1018 3212 1073 3262 332
1088 3224 1169 3279 prae-

153 3280 233 3346 repto
243 3281 307 3328 LFV
325 3278 508 3347 praeceptae
522 3307 556 3316 -
570 3279 721 3347 praecepto
739 3275 836 3331 limine
849 3276 985 3331 Heinaine
1027 3283 1082 3333 330
1097 3279 1169 3333 uires

154 3353 198 3400 cm
216 3347 271 3416 Ep.
286 3352 321 3402 19
431 3353 482 3402 342
505 3347 620 3419 nimius]
645 3348 737 3402 minus
756 3351 818 3399 1210
846 3345 947 3400 mimus
966 3351 990 3398 V
1008 3377 1044 3388 -
1064 3347 1168 3421 Cyrno]

153 3417 229 3497 crine
252 3424 272 3470 1.
301 3433 386 3487 oryne
409 3424 430 3471 r
458 3434 538 3473 cerne
563 3422 605 3470 ov
624 3449 658 3458 -
676 3418 734 3473 ruit
756 3423 772 3469 3
794 3448 824 3458 -
844 3415 961 3488 Cyrnus]
986 3417 1083 3475 crinas
1106 3424 1169 3474 m

147 3488 276 3544 anniso
