2438 3924
160 154 224 218 138
555 153 626 207 SILI
643 151 775 208 ITALICI

158 315 316 380 Auriferis
339 315 472 380 tandem
495 313 641 379 Phoenix
664 315 816 399 depulsus
841 314 881 378 ab
906 315 1007 381 aruis.
1148 333 1178 381 ιι

158 403 229 468 Iam
251 400 360 490 Mago,
384 407 497 468 exutus
521 403 645 486 castris,
669 403 815 486 agitante
833 424 955 487 pauore

157 492 197 556 In
219 490 357 576 Libyam
380 513 517 576 propero
540 491 684 555 tramisit
707 490 836 556 caerula
858 492 941 556 uelo.

201 579 286 647 Ecce
311 580 398 644 aliud
422 579 527 663 decus,
549 579 636 643 haud
657 600 722 643 uno
746 584 899 645 contenta
921 578 1050 663 fauore,

157 667 313 733 Nutribat
334 668 480 732 Fortuna
503 667 584 732 duci.
620 689 696 731 nam
721 668 866 732 concitus
890 666 1038 734 Hannon

157 757 375 840 Aduentabat,
399 777 498 842 agens
522 754 756 841 crepitantibus
780 756 912 842 agmina
936 758 1060 822 caetris
1141 775 1199 835 30,

157 844 311 928 Barbara,
335 849 368 910 et
390 845 559 929 indigenas
583 866 674 908 serus
697 844 851 929 raptabat
873 842 1027 910 Hiberos.

156 932 233 998 Non
257 954 309 997 ars
334 937 391 996 aut
414 938 505 997 astus
527 931 608 996 belli
631 932 683 996 uel
708 932 840 997 dextera
862 932 981 1017 deerat,

158 1020 280 1085 Sinon
305 1019 472 1105 Scipiadae
497 1024 707 1086 concurreret
746 1019 856 1085 omnia
879 1019 995 1085 ductor

155 1107 277 1193 Magna
300 1109 379 1173 adeo
402 1107 567 1174 Ausonius
591 1107 707 1172 maiori
730 1109 815 1173 mole
837 1109 1025 1192 premebat:

156 1195 201 1260 Ut
225 1196 355 1261 Phoebe
379 1195 499 1281 stellas,
521 1200 559 1260 ut
580 1195 693 1261 fratris
716 1197 839 1261 lumina
862 1195 1018 1262 Phoeben
1138 1217 1169 1266 35

154 1282 345 1367 Exuperant
366 1285 551 1370 montisque
574 1282 671 1348 Atlas
695 1289 727 1349 et
713 1285 881 1349 tflumina
898 1283 1008 1370 Nilus,

155 1371 203 1436 Ut
225 1377 317 1455 pater
340 1371 485 1438 Oceanus
509 1371 676 1456 Neptunia
698 1374 827 1438 caerula
849 1373 961 1438 uincit

157 1459 291 1525 Uallant
277 1465 344 1525 tem
367 1483 421 1526 cas
423 1465 529 1525 tra—
547 1462 684 1525 obscuro
707 1482 784 1525 nam
807 1482 923 1545 uesper
946 1459 1094 1549 Olympo

155 1548 301 1614 Fundere
324 1571 390 1614 non
415 1571 551 1633 aequam
574 1547 751 1633 trepidanti
774 1552 926 1632 coeperat
948 1551 1108 1618 umbram
1134 1590 1170 1601 —

158 1637 355 1724 Aggreditur
376 1637 490 1702 Latius
512 1640 627 1722 rector,
652 1637 740 1702 subit
725 1641 824 1721 toque
847 1638 993 1704 tumultu
1140 1658 1172 1707 40

154 1724 301 1791 Caedunt
287 1732 341 1791 utr
363 1727 482 1812 passim
507 1726 615 1809 coepti
638 1725 819 1789 munimina
841 1725 923 1790 ualli

154 1814 357 1899 Imperfecta.
391 1818 658 1898 supercontexere
681 1814 817 1878 herbida
839 1813 951 1897 lapsos

154 1902 309 1982 Pondere,
332 1902 397 1968 et
387 1926 421 1967 m
444 1903 563 1968 tumuli
585 1902 745 1967 concessit
768 1922 905 2005 caespes
922 1901 1095 1968 honorem.

198 1991 262 2057 Uix
284 1991 342 2056 uni
365 2012 455 2056 mens
479 1991 577 2078 digna
602 1991 686 2075 uiro,
707 1992 839 2056 nouisse
863 1990 1004 2055 minores

153 2077 257 2153 Quam
281 2079 392 2144 deceat
377 2080 619 2164 tpretiumque
642 2079 749 2162 operis
770 2079 813 2143 sit
799 2079 963 2144 ttradere
982 2078 1107 2146 famae.
1138 2096 1172 2146 45

154 2165 237 2231 (iant
240 2167 349 2231 aber
340 2167 471 2251 mgenio
496 2167 774 2232 membrorumet
797 2167 883 2232 mole
906 2166 1016 2232 timeri

151 2253 215 2319 Uel
239 2254 343 2319 nudus
366 2254 443 2318 telis
466 2258 525 2337 pot
527 2257 596 2319 erat
581 2255 731 2319 tLarus.
768 2254 821 2320 hic
844 2255 913 2319 fera
936 2257 1049 2339 gentis

152 2343 242 2406 More
267 2342 449 2426 securigera
472 2342 631 2407 miscebat
653 2343 781 2427 proelia
804 2343 926 2407 dextra.

152 2429 206 2511 Et,
230 2452 427 2514 quamquam
449 2429 542 2494 fundi
566 2452 599 2495 se
623 2430 743 2496 circum
763 2431 858 2514 pulsa
880 2430 1006 2496 uideret

151 2517 304 2603 Agmina,
327 2518 433 2582 deleta
457 2517 589 2602 gentilis
613 2519 699 2603 pube
723 2523 881 2602 cateruae,
1135 2537 1169 2586 50

152 2605 330 2672 (laesorum
353 2606 513 2690 implebat
535 2606 625 2671 solus
648 2606 732 2691 looa3
758 2629 815 2672 reu
837 2607 921 2672 foret
943 2606 1053 2674 hostis

152 2693 351 2780 Comminus,
373 2694 496 2779 expleri
519 2694 683 2780 gaudebat
706 2697 838 2761 uulnere
861 2695 979 2760 frontis

223 2945 257 2993 28
280 2955 335 2993 uno
359 2943 395 2990 ch
426 2938 496 2992 deest
518 2940 602 3006 ias
634 2940 681 2994 sed
706 2940 781 2993 iar
812 2953 900 3007 paruo
926 2953 1068 3007 saproaer.
1090 2946 1116 2995 ct
1138 2943 1169 2995 ia

151 3027 236 3090 ortorp.
257 3010 284 3063 ι’
313 3009 404 3077 primo
421 3008 467 3074 (Τ.
484 3025 513 3078 p.
528 3013 597 3076 233)
704 3015 738 3064 30
762 3024 808 3063 cre
828 3005 965 3062 itantibus
990 3009 1167 3080 cm'Ep.19

152 3079 361 3148 crepidantibus
379 3085 416 3131 (th
435 3079 522 3149 (up.
539 3085 609 3147 211)
671 3086 704 3133 31
704 3028 896 3160 captabato
956 3083 990 3132 32
1009 3080 1113 3135 deerat
1126 3086 1164 3133 Lo

154 3152 235 3205 derat
252 3155 273 3202 r
293 3155 319 3218 (c
305 3152 340 3216 cf.
357 3151 412 3206 XI.
422 3153 511 3217 38)v
582 3157 616 3205 33
636 3148 730 3204 omnia
748 3151 856 3204 cntt
886 3149 981 3203 omina
998 3153 1022 3200 v
1051 3153 1168 3220 agmina

150 3222 236 3292 culpo
308 3227 343 3276 34
361 3220 496 3290 Magnum
515 3220 651 3277 Horatiae
729 3226 763 3275 35
781 3219 898 3275 fratris
979 3225 1014 3274 36
1035 3219 1168 3276 athlans

154 3323 187 3332 —
208 3293 238 3346 et
255 3297 292 3344 ch
323 3293 387 3344 uta
460 3298 494 3346 33
514 3290 665 3361 crepitanti
684 3296 778 3344 ον-
797 3291 933 3346 umbrat
1014 3296 1052 3344 42
1072 3309 1168 3363 snper·

152 3364 300 3417 contexere
329 3367 351 3414 V
384 3379 468 3432 snper
496 3366 642 3418 contexere
669 3367 731 3415 121‘0
764 3378 848 3432 super
872 3362 1003 3416 texerunt
1028 3362 1169 3419 Heinsius

151 3439 187 3488 44
206 3433 255 3488 Uis
275 3437 318 3485 ov
380 3438 415 3488 46
432 3433 543 3504 ingenti
561 3433 749 3489 membrorum
767 3432 841 3488 mole
859 3431 995 3488 Heinsius
1061 3439 1097 3488 4⁷
1118 3433 1169 3489 teli

151 3506 222 3560 idem
294 3508 328 3557 43
347 3519 399 3573 pos
401 3508 592 3573 quamo
611 3510 706 3560 ceses
