2438 3924
128 159 172 225 62
528 159 595 214 SILI
614 159 745 215 ITALIOI

131 319 228 386 Stant
252 343 355 405 aures,
378 321 508 405 imoque
533 321 619 386 cadit
641 323 743 386 barba
766 322 896 404 hispida
919 328 1037 389 mento.

128 409 297 475 Pastorale
322 410 381 475 deo
405 410 567 491 baculum,
589 410 747 494 pellisque
772 411 941 475 sinistrum

128 498 229 563 Uelat
252 499 456 582 gratulatus
480 501 611 562 tenerae
635 498 673 561 de
697 520 831 582 corpore
856 498 1012 564 dammae.
1087 516 1142 564 335

128 586 232 652 Nulla
254 587 289 650 in
311 591 523 672 praeruptum
545 591 615 649 tam
642 607 746 670 prona
769 591 802 650 ct
827 587 994 670 inhospita
1022 592 1142 673 cautes,

128 674 255 759 Inqua
277 697 353 758 non,
375 675 500 738 librans
524 695 639 757 corpus
664 673 842 759 similisque
867 677 1002 759 uolanti,

130 762 346 848 Cornipedem
368 764 481 827 tulerit
503 763 649 846 praecisa
670 784 729 845 per
753 764 827 828 suia
849 764 1006 847 plantam.

129 851 296 917 Interdum
319 851 457 915 inflexus
485 850 589 915 medio
613 851 780 915 nascentia
803 858 896 938 tergo

128 940 277 1024 Respicit
300 939 443 1003 arridens
466 939 572 1002 hirtae
596 939 739 1003 ludibria
761 942 889 1005 caudae.
1087 959 1140 1008 340

129 1028 379 1111 Obtendensque
403 1049 536 1091 manum
560 1028 663 1091 solem
685 1027 898 1094 inferuescere
922 1031 1023 1094 fronti

127 1116 228 1182 Arcet
251 1120 284 1180 et
306 1116 458 1180 umbrato
481 1116 660 1199 perlustrat
682 1139 802 1200 pascua
825 1119 907 1182 uisu.

127 1205 199 1287 Hic,
221 1209 395 1289 postquam
419 1204 575 1268 mandata
597 1204 649 1268 dei
671 1205 815 1287 perfecta
837 1206 1022 1291 malamque

129 1291 264 1358 Sedauit
286 1293 410 1357 rabiem
434 1295 467 1356 et
490 1292 662 1376 permulsit
685 1293 783 1358 corda
805 1295 978 1380 furentum,

126 1380 286 1446 Arcadiae
309 1382 450 1446 uolueris
475 1382 579 1445 saltus
603 1384 636 1445 et
659 1387 769 1446 amata
792 1384 907 1447 reuisit
1086 1401 1141 1450 345

127 1469 290 1553 Maenala3
313 1471 379 1554 ubi,
401 1469 527 1555 argutis
550 1471 648 1554 longe
672 1470 711 1533 de
734 1471 856 1536 uertice
880 1493 972 1536 sacro

126 1558 229 1623 Dulce
253 1580 374 1623 sonans
397 1559 540 1638 calamis,
564 1558 653 1623 ducit
675 1559 806 1623 stabula
829 1561 939 1624 omnia
963 1565 1068 1626 cantu.

171 1646 218 1711 At
239 1647 327 1732 legio
349 1646 563 1731 Ausonidum,
587 1647 736 1711 flammas
761 1647 892 1712 duetore
916 1649 1048 1715 iubente

126 1734 243 1800 Arceri
264 1736 369 1820 portis
394 1736 577 1819 stantisque
599 1736 781 1819 relinquere
804 1759 924 1820 muros,

127 1859 170 1869 -
185 1823 266 1888 Mite
280 1827 378 1890 decus
392 1824 562 1888 mentis-
576 1824 719 1889 condunt
734 1846 888 1909 ensesque
902 1826 1062 1910 facesque,
1084 1843 1138 1892 350

125 1910 232 1976 Multa
255 1912 350 1976 derum
372 1912 505 1996 templis
528 1913 742 1997 domibusque
764 1914 945 1978 nitentibus
970 1937 1050 1979 auro

125 1999 282 2085 Egeritur
304 2000 435 2084 praeda,
453 2003 486 2064 et
504 2000 610 2064 uictus
635 2001 791 2065 alimenta
815 2003 956 2086 superbi,

127 2086 271 2171 Quisque
293 2088 396 2151 bonis
412 2088 545 2171 periere,
568 2090 677 2152 uirum
701 2088 739 2151 de
762 2110 894 2171 corpore
917 2094 1024 2154 uestes

125 2174 307 2259 Femineae,
330 2196 521 2258 mensaeque
546 2175 611 2239 alia
633 2176 750 2240 tellure
773 2176 905 2259 petitae,

125 2262 311 2347 Poculaque
333 2263 405 2327 an
428 2264 540 2327 luxum
563 2263 727 2327 irritantis
749 2283 886 2347 gemma.
1084 2285 1137 2334 355

125 2349 196 2416 Neo
219 2353 334 2416 modus
359 2354 505 2436 argento,
528 2351 716 2435 caelataque
738 2350 884 2435 pondera
906 2351 985 2417 facti

126 2439 267 2504 Tantum
291 2439 395 2523 epulis
420 2440 499 2524 auri,
521 2442 591 2503 tum
614 2440 739 2523 passim
762 2462 900 2524 corpora
923 2442 1023 2528 longo

125 2525 247 2592 Ordine
270 2528 410 2613 captiua,
434 2531 467 2591 et
490 2527 639 2592 domibus
663 2528 855 2613 deprompta
878 2531 1011 2616 talenta,

124 2615 261 2681 Pascere
284 2616 501 2701 longinquum
523 2637 590 2680 non
613 2616 795 2682 deficientia
817 2619 951 2703 bellum,

124 2704 343 2789 Immensique
366 2725 482 2790 greges
505 2703 646 2769 famulae
670 2705 710 2769 ud
733 2706 883 2772 conuiuia
906 2709 1031 2774 turbae.
1082 2727 1137 2776 300

169 2793 317 2879 Fuluius,
340 2797 378 2858 ut
398 2793 497 2858 finem
520 2793 698 2877 spoliandis
722 2794 865 2880 aedibus,
888 2817 961 2860 aere

196 3027 248 3075 333
267 3037 380 3090 imoque
398 3026 443 3074 cm
456 3021 473 3075 i.
489 3020 507 3075 i.
525 3020 638 3088 imaque
656 3036 691 3074 m,
710 3024 730 3075 2
754 3021 786 3073 iu
809 3021 937 3076 lacunam
958 3023 1091 3080 insertum
1109 3033 1135 3083 et

123 3107 263 3160 annuam
282 3093 440 3161 simoquer
466 3093 551 3162 (quod
564 3093 635 3147 coni.
649 3090 797 3159 Heinsius)
815 3107 949 3161 sumoque
967 3099 987 3145 Ι.
1011 3111 1134 3151 summo-

125 3178 179 3230 que
198 3166 241 3214 ov
260 3161 305 3229 (T.
320 3180 352 3232 p.
366 3166 436 3230 233)
513 3167 565 3217 335
583 3160 679 3232 grata]
697 3163 780 3230 rapta
794 3162 929 3218 Heinsius
948 3163 1034 3221 Graia
1046 3167 1136 3224 Boibe

125 3263 160 3274 -
173 3231 293 3288 damnas
306 3239 348 3285 LE
367 3234 504 3288 damnev
527 3233 681 3302 dampneo
742 3277 744 3281 .
776 3233 879 3288 3371n
898 3250 983 3303 quam
1001 3237 1135 3304 Lefeture

124 3309 177 3358 344
186 3303 335 3373 permulsit
348 3309 392 3356 cm
401 3305 419 3360 i.
430 3304 448 3359 i.
489 3308 541 3358 343
555 3303 654 3375 longo]
668 3302 778 3373 Tegeae
788 3305 925 3360 Heinsius
965 3312 1017 3361 347
1032 3324 1134 3364 sonans

125 3374 262 3430 Heinsius
280 3380 305 3429 et
322 3374 439 3446 Bentley
461 3377 598 3430 sonanti
625 3377 708 3430 sonat
725 3376 810 3446 uulpo
888 3380 939 3431 355
959 3375 1064 3433 Pocula
1083 3396 1134 3435 cru.

123 3461 177 3513 que
192 3449 235 3498 ov
254 3476 288 3486 -
306 3452 389 3501 oeus
407 3475 444 3485 -
461 3445 571 3518 luxum]
585 3446 676 3501 lucem
691 3445 776 3502 Biuss
813 3452 867 3502 330
881 3449 975 3518 gregis
990 3448 1136 3506 Nicander

124 3516 227 3586 otiique
247 3547 279 3556 -
299 3514 468 3572 conuiuial.
493 3518 625 3573 comunis
641 3522 683 3570 ro
708 3516 815 3575 cffiav
