2438 3924
356 183 575 239 PUNICORUM
592 183 701 240 LIBER
718 184 792 240 XIII.
1036 184 1079 249 69

72 344 231 411 Gentibus
255 349 289 410 05
310 345 433 430 primas
456 345 633 410 fundarunt
654 347 823 411 moenibus
847 347 955 412 urbes.

69 435 180 500 Tertia
202 435 369 517 ruricolas,
394 433 520 500 Cereris
543 435 724 500 iustissima
746 436 844 500 turba
1026 452 1079 502 505

69 523 158 600 Quae
182 523 273 588 uenit
296 524 337 588 ad
360 523 465 587 manis
490 526 523 587 et
545 521 697 588 fraudum
720 524 834 589 illaesa
856 545 989 590 ueneno.

66 612 161 697 Exin,
184 612 240 697 qui
262 613 368 676 laetas
392 612 473 676 artis
496 612 649 695 uitaeque
673 613 824 677 colendae

67 700 224 765 Inueuere
246 700 334 764 uiam
357 721 416 765 nec
440 700 643 785 dedignanda
665 703 793 785 parenti

67 787 223 854 Carmina
245 788 399 853 fuderunt
420 786 562 872 Phoebo,
586 812 644 854 sua
667 790 780 854 limina
804 793 945 854 seruant.

66 877 230 962 Proxima,
254 899 334 961 quos
353 877 445 941 uenti
464 899 643 961 saeuaeque
662 878 798 942 hausere
817 878 990 963 procellae,
1026 895 1079 944 540

66 964 239 1050 Naufraga
262 970 359 1049 porta
381 965 482 1050 rapit,
506 966 552 1030 sic
574 965 667 1031 illam
690 967 821 1031 nomine
844 967 961 1031 dicunt.

66 1054 225 1119 Finitima
247 1055 322 1119 huic
345 1076 431 1118 noxa
455 1055 589 1140 grauido
614 1058 647 1119 et
670 1077 820 1139 peccasse
843 1056 960 1120 fatenti

68 1143 172 1208 Uasta
193 1147 284 1226 patet
307 1144 437 1226 popule.
474 1165 595 1227 poenas
618 1144 888 1208 Rhadamanthus
912 1144 1042 1229 inipso

67 1231 202 1316 Expetit
225 1231 362 1296 introitu
386 1235 587 1314 mortemque
611 1235 738 1297 exercet
756 1232 895 1299 inanem.

67 1317 214 1404 Septima
236 1319 385 1384 femineis
409 1324 573 1385 reseratur
594 1325 691 1404 porta
714 1321 869 1404 cateruis,
1026 1336 1077 1386 545

65 1407 215 1474 Umentis
238 1409 294 1472 ubi
318 1412 408 1473 casta
429 1409 521 1474 fouet
543 1407 741 1493 Proserpina
763 1411 862 1474 lucos.

65 1495 232 1562 Infantum
255 1497 330 1561 hinc
350 1498 505 1582 gregibus
528 1519 703 1581 uersasque
728 1497 769 1561 ad
791 1497 907 1562 funera
929 1497 1043 1562 taedas

65 1585 175 1651 PassIs
198 1586 382 1670 uirginibus
405 1587 585 1668 turbaeque
608 1587 642 1649 in
664 1585 776 1649 limine
799 1585 882 1650 lucis

65 1673 128 1738 Est
151 1675 215 1738 lter
238 1675 408 1755 extinctae,
432 1678 464 1738 et
488 1673 603 1758 uagitu
625 1675 723 1737 ianua
745 1677 833 1738 nota.

68 1761 163 1847 Tum,
187 1762 318 1826 seducta
342 1762 413 1826 loco
438 1766 471 1826 et
493 1763 604 1825 laxata
627 1761 735 1826 lucida
757 1765 864 1845 nocte,
1026 1776 1077 1827 550

66 1847 219 1915 Claustra
242 1851 356 1933 nitent,
380 1871 461 1933 quae
486 1850 601 1914 secreti
622 1872 681 1932 per
703 1849 817 1914 limitis
839 1850 988 1914 umbram

65 1938 199 2023 Elysios
224 1938 345 2002 ducunt
369 1959 516 2022 campos,
538 1938 592 2002 hic
616 1939 713 2002 turba
735 1940 873 2024 piorum,

62 2025 136 2092 vNee
160 2025 275 2112 Stygio
298 2027 331 2090 in
356 2048 466 2112 regno,
491 2027 572 2090 caeli
594 2049 654 2092 nec
676 2031 772 2112 posta
796 2027 856 2091 sub
881 2049 953 2111 axe,

65 2114 198 2199 Uerum,
222 2116 308 2179 ultra
332 2113 495 2180 Oceanum
520 2137 612 2180 sacro
637 2116 836 2180 contermina
857 2114 951 2200 fonti,

64 2202 227 2270 Lethaeos
250 2207 345 2288 potat
369 2204 493 2284 latices,
517 2205 640 2269 obliuia
662 2205 791 2269 mentis.
1023 2220 1074 2270 555

63 2291 220 2357 Extrema
242 2292 327 2376 hinc,
350 2314 429 2357 auro
451 2291 593 2378 fulgens,
615 2293 681 2357 iam
704 2293 786 2358 lucis
809 2293 966 2357 honorem

68 2379 175 2446 Sentit
198 2385 230 2444 et
253 2381 383 2446 admoto
409 2381 558 2463 splendet
581 2403 638 2446 ceu
662 2381 766 2445 sidere
790 2382 893 2446 lunae.

66 2468 139 2534 Hac
163 2470 288 2533 animae
312 2469 436 2533 caelum
460 2473 612 2553 repetunt-
635 2491 671 2534 ac
695 2471 783 2533 mille
807 2470 957 2552 peractis,

64 2556 195 2621 Oblitae
219 2557 338 2641 Ditem,
361 2557 496 2621 redeunt
518 2558 552 2621 in
576 2580 711 2640 corpora
735 2559 856 2622 lustris

63 2645 136 2711 Hac
158 2647 279 2730 passim
302 2647 433 2729 nigrum
456 2647 599 2730 pandens
623 2645 712 2711 Mors
736 2647 841 2710 lurida
864 2646 982 2711 rictum
1022 2662 1074 2710 500

63 2733 157 2818 Itque
181 2734 333 2816 reditque
353 2734 423 2798 uias
448 2739 480 2797 et
503 2736 606 2818 portis
632 2735 781 2799 omnibus
806 2738 900 2798 errat.

109 2823 192 2886 Tum
215 2823 300 2886 iacet
322 2823 357 2886 in
380 2823 522 2905 spatium
548 2825 616 2887 sine
640 2845 773 2906 corpore
796 2825 892 2906 pigra
916 2842 1039 2905 uorago

136 3055 187 3105 535
207 3048 364 3104 certissima
378 3056 399 3102 F
437 3055 488 3104 539
509 3049 608 3103 limina
620 3056 664 3101 Π
683 3049 840 3102 luminam
855 3079 890 3086 -
905 3050 1017 3100 seruent
1031 3053 1073 3099 ov

64 3127 114 3177 541
136 3122 213 3190 capit
230 3121 385 3175 Bucbwold
471 3126 522 3174 542
541 3121 607 3174 hino
627 3126 669 3171 ov
755 3125 806 3172 546
830 3119 965 3172 Umentes
985 3124 1021 3170 eh
1040 3150 1073 3158 -

63 3192 193 3247 Uiuentis
212 3191 298 3245 ubiv
319 3190 449 3245 Uiuentis
468 3191 522 3246 tibi
542 3197 560 3243 0
583 3190 803 3244 HumentibusL
823 3190 989 3244 Umentibus
1004 3196 1024 3240 F
1040 3221 1072 3229 -

62 3264 202 3318 Lucentes
219 3263 312 3317 Barth
336 3263 460 3316 Uuentes
479 3264 614 3316 Heinsius
641 3261 772 3315 Liuentes
790 3264 888 3332 sculpo,
908 3263 979 3329 qood
994 3262 1072 3330 prob.
1149 3300 1152 3315 .

63 3336 185 3404 Ruperti
292 3338 346 3388 554
364 3332 539 3387 contermina
558 3341 602 3385 cm
616 3334 670 3401 Ep.
688 3337 723 3386 78
738 3339 778 3383 LF
807 3334 964 3387 coteamina
985 3334 1074 3399 (sectr

62 3423 150 3476 supra
170 3421 187 3459 a
204 3408 268 3471 scr.)
283 3408 306 3456 V
325 3404 508 3459 certaminao
524 3405 568 3470 (T.
580 3421 610 3472 p.
621 3407 689 3469 243)
733 3408 784 3456 555
804 3403 903 3458 latices
923 3409 965 3454 ov
989 3403 1073 3457 laties

61 3477 122 3603 gr}
139 3493 156 3598 g
175 3480 361 3545 capraram
388 3473 513 3529 laciesn
596 3478 646 3529 557
667 3474 797 3529 Sentiat
888 3481 939 3528 550
958 3475 1019 3529 Huc
1038 3479 1074 3525 ch
1119 3561 1122 3564 Δ
