2438 3924
146 138 214 221 82'
447 210 451 216 ,
545 153 614 209 sur
632 154 768 210 immor

149 319 383 385 Extremumue
408 317 493 383 diem
517 320 550 381 et
572 320 731 382 terrarum
755 317 895 382 inuisere
919 320 1031 382 metas.

148 405 202 473 Sic
224 409 331 491 poscit
350 406 473 491 sparsis
491 406 625 471 Mauors
649 407 791 490 agitatus
814 407 849 469 in
871 408 946 471 oris.

147 495 238 579 Ergo
263 517 331 580 age,
355 517 419 580 qua
441 494 524 579 litui,
547 517 610 578 qua
634 494 756 559 ducunt
777 495 908 575 bella,
896 517 1079 579 sequamur.
1129 514 1164 563 10

192 584 358 648 Ausoniae
380 605 456 668 pars
480 603 599 667 magna
620 583 706 648 iacet
691 582 932 648 tTrinacriat
918 583 1026 669 tellus,

148 671 195 738 Ut
218 673 318 738 semel
342 675 548 757 expugnante
515 670 701 736 tetoeNo
685 674 858 736 ettuasan
800 672 964 737 tantibus
970 673 1068 739 undis

146 756 285 846 Accepit
270 760 371 826 ttfre
373 783 401 845 a,
424 760 571 825 caeruleo
595 761 753 844 propulsa
775 760 926 825 tridente.

146 848 298 934 Namque
321 871 379 934 per
403 849 565 913 occultum
588 869 686 917 caeca
705 871 740 912 ur
731 848 899 914 turbinis
918 849 997 914 olim

146 938 276 1023 Impact
277 960 333 1002 um
356 936 491 1021 pelagus
514 937 675 1001 laceratae
697 937 825 1002 uiscera
847 942 952 1002 terrae
1128 955 1162 1004 15

146 1026 289 1092 Discidit
311 1030 353 1108 ot,
377 1025 482 1090 medio
505 1046 716 1109 perrumpens
736 1048 815 1090 arua
837 1025 1007 1110 profundo,

147 1113 231 1181 Oum
253 1113 383 1199 populis'
405 1111 529 1197 pariter
552 1113 716 1179 conuulsis
739 1115 910 1179 transtulit
931 1115 1037 1180 urbes.

148 1203 201 1268 Ex
223 1203 292 1286 illo,
315 1223 450 1267 seruans
474 1201 606 1285 rapidus
631 1201 779 1286 diuortia,
802 1202 926 1268 Nereus

147 1288 251 1356 Saeuo
276 1290 425 1355 diuiduos
449 1289 605 1374 coniungi
628 1295 787 1375 pernegat
806 1295 907 1356 aestu.

146 1377 210 1444 Sed
234 1381 385 1463 spatium,
408 1379 495 1463 quod
518 1378 672 1443 dissociat
695 1379 861 1444 consortia
883 1383 998 1460 terrae,
1124 1398 1161 1448 20

146 1468 300 1533 Latratus
322 1467 412 1533 fama
435 1471 485 1532 est
503 1503 548 1513 —
567 1468 613 1532 sio
636 1471 708 1532 arta
729 1468 905 1532 interuenit
927 1468 1013 1532 unda
1035 1505 1072 1515 —

145 1556 192 1622 Et
215 1556 394 1621 matutinos
417 1556 587 1621 uolucrum
609 1555 791 1620 tramittere
815 1559 940 1621 cantus.

146 1645 253 1710 Multa
275 1646 345 1711 solo
369 1646 488 1710 uirtus:
520 1645 587 1709 iarn
609 1644 742 1709 reddere
765 1645 878 1709 foenus
903 1645 1030 1728 aratris,

146 1733 217 1799 Iam
240 1733 361 1799 montis
385 1734 535 1798 umbrare
560 1733 641 1816 olea,
664 1733 739 1798 dare
762 1733 896 1797 n'omina
918 1731 1048 1798 Baooho

147 1821 424 1907 Oomipedemque
448 1823 547 1887 citum
570 1821 661 1885 lituis
685 1841 856 1905 generasse
880 1820 1031 1906 ferendis,
1122 1839 1159 1888 25

145 1910 232 1977 Nect
217 1914 288 1976 tare
307 1909 480 1994 Cecropias
499 1908 646 1993 Hyblaeo
670 1909 820 1974 accedere
843 1930 943 1974 ceras.

145 1999 209 2064 Hic
232 2004 265 2064 et
287 1999 448 2063 Paeonios
473 2018 590 2062 arcano
614 1997 769 2080 sulphure
792 1997 903 2084 lentie,

144 2086 209 2152 Hic
231 2086 363 2151 Phoebo
376 2086 487 2175 digna
510 2087 542 2148 et
528 2084 667 2149 tMusis
690 2087 886 2151 uenerabere
908 2089 1022 2151 uatum

145 2175 211 2240 Ora
234 2155 457 2258 excellentum,
480 2194 588 2238 sacras
613 2173 669 2257 qui
692 2175 833 2239 carmine
857 2175 967 2258 siluas,

145 2261 271 2347 Quique
295 2260 464 2347 Syracosia
486 2265 641 2326 resonant
626 2261 824 2328 tHelioona
846 2284 988 2328 camena.
1122 2281 1159 2330 30

144 2351 281 2436 Prompt
283 2372 320 2415 ae
343 2369 423 2435 gens
447 2350 592 2435 linguae3
622 2353 674 2414 ast
698 2351 818 2434 eadem,
841 2373 914 2416 eum
937 2351 1025 2416 bella
1048 2352 1160 2438 cieret,

144 2439 262 2506 Portus
286 2438 456 2522 aequoreis
481 2441 575 2503 sueta
596 2438 753 2524 insignire
776 2439 953 2524 trophaeis

188 2528 270 2593 Post
292 2528 397 2593 dirum
416 2522 485 2590 Ant
470 2527 579 2611 tiphat
581 2548 618 2591 ae
641 2531 805 2613 sceptrum
828 2549 844 2591 e
847 2526 1035 2614 tOyolopia
1055 2550 1159 2614 regna

146 2616 287 2683 Uomere
310 2618 479 2681 uerterunt
497 2615 639 2701 primum
662 2638 750 2682 noua
767 2638 844 2680 rura
863 2614 995 2681 Sicano.

144 2778 347 2786 -.-..-—.———

216 2886 248 2934 12
269 2878 368 2950 semel]
400 2877 491 2932 sanies
516 2883 532 2929 Β
624 2881 657 2932 16
675 2877 800 2934 Discidit
818 2879 898 2932 cml
917 2878 934 2932 l
1027 2885 1059 2934 17
1089 2897 1157 2936 oon-

143 2951 231 3007 uulsis
250 2955 287 3003 cn
310 2948 458 3006 conuulsas
477 2953 499 3000 V
603 2953 636 3002 18
654 2948 769 3003 rabidus
788 2954 813 3003 et
831 2953 864 3002 19
883 2947 1014 3005 diuiduas
1033 2950 1101 3020 Eup
1103 2955 1159 3007 ιιι·

143 3054 178 3064 -
198 3024 327 3077 aestues
431 3024 465 3072 22
484 3018 523 3072 Et
539 3017 735 3073 matutinosr
762 3019 794 3075 Ε.
809 3035 845 3074 m
864 3024 905 3072 10
932 2968 1156 3075 Ematutinosv

144 3099 178 3148 23
196 3093 302 3146 foenus
313 3091 387 3145 cml
403 3091 421 3145 l
435 3095 459 3142 V
486 3105 569 3144 senus
587 3094 627 3142 Lo
656 3106 755 3145 saeuus
774 3097 795 3142 r
814 3089 858 3158 (Τ.
873 3107 903 3159 p
919 3093 1042 3159 219)-
1061 3094 1157 3149 aranti

143 3164 279 3219 Scluadcr
369 3167 404 3215 24
421 3159 537 3232 montis]
556 3159 670 3214 monitis
690 3167 706 3213 Β
725 3191 759 3201 -
779 3159 881 3216 clear
909 3159 963 3215 dea
980 3166 1058 3228 nov,
1081 3166 1157 3232 quod

138 3235 219 3305 prot.
233 3233 325 3290 Barth
361 3237 395 3288 26
414 3231 547 3287 accedere
560 3231 653 3286 Barth
671 3232 773 3301 aliique
791 3231 974 3286 accenderes
1018 3237 1052 3286 28
1066 3249 1156 3289 uene-

143 3305 241 3360 rabere
259 3308 291 3371 V,
313 3309 346 3360 ut
363 3305 432 3359 coui
450 3303 560 3360 Gronov
578 3306 604 3358 et
621 3301 758 3359 Ηιιιιιιιι
775 3301 936 3359 uenerabile
950 3307 1060 3354 Lro—
1075 3302 1156 3361 Haec

143 3374 194 3432 Ph.
210 3375 237 3430 (t
252 3375 281 3429 et
298 3375 385 3429 Musis
404 3372 603 3443 (uenerabilel)
621 3391 648 3428 ιι.
665 3371 756 3442 Ora(
740 3377 786 3442 (π
800 3375 907 3443 sucula)
919 3373 1010 3428 Barth
1046 3380 1080 3427 31
1097 3377 1156 3447 ast]

145 3447 278 3503 estL-
297 3445 403 3500 cierent
421 3445 556 3500 Heinsius
680 3450 714 3499 38
742 3445 875 3514 antiphee
902 3450 923 3497 1
956 3442 1108 3512 antipheae
1133 3453 1155 3498 ι’

28 3563 31 3570 .
143 3516 260 3588 antipho
279 3521 374 3569 ov-
393 3514 527 3586 Cyclopia
544 3519 581 3568 oh
641 3519 677 3568 84
695 3515 790 3571 Sicani
807 3515 994 3571 Idumaeae.
1010 3515 1067 3572 eod.
1084 3515 1153 3573 Put.
