2408 3938
95 156 160 222 184
495 155 563 213 SILI
580 154 717 212 ITALIOI

95 319 147 384 Ad
172 340 246 404 spes
270 340 434 385 armorum
457 318 567 384 uiuam
590 318 662 384 tibi.
696 340 774 384 nam
796 319 893 385 modo
917 336 1026 405 pugna
1077 344 1080 349 ·

93 407 278 490 Praecellis,
300 408 444 473 resident
464 408 590 473 hostes:
612 407 694 472 mihi
718 412 834 492 satque
858 429 1026 493 superque,

94 496 141 562 Ut
164 519 215 562 me
239 495 425 563 Dardaniae
448 501 571 562 matres
594 500 693 582 etque
716 496 803 562 Itala
824 497 935 576 tellus,

93 585 182 650 Dum
200 585 320 669 uiuam,
344 589 516 669 expectent
539 607 599 650 nec
622 606 735 670 pacem
753 589 887 669 pectore
906 583 1038 651 norint?
1050 599 1078 651 u

84 672 147 739 'Sic
170 674 306 759 rapitur,
328 673 441 759 paucis
464 672 648 759 fugientum
670 674 802 757 mixtus,
825 677 858 739 et
881 675 971 741 altos

92 762 171 828 Inde
193 763 278 847 petit
300 768 388 828 retro
412 764 533 827 montis
557 766 709 848 tutasque
732 763 887 828 latebras.

138 851 201 917 Hic
224 851 298 916 finis
322 851 417 916 bello.
455 855 641 916 reserantur
664 851 815 935 protinus
839 872 930 917 arces

94 940 241 1006 Ausonio
264 940 330 1005 iem
354 943 470 1024 sponte
494 940 575 1007 duci.
611 939 683 1005 iura
706 940 857 1024 improba
880 940 1033 1026 adempte

95 1028 269 1113 Armaque,
293 1033 326 1093 et
348 1028 470 1094 incisae
493 1030 591 1114 leges,
614 1027 796 1114 opibusque
820 1029 973 1113 superbis
1053 1043 1095 1095 seo

94 1116 154 1183 Uis
177 1117 292 1199 fracta,
315 1120 348 1181 et
370 1117 481 1201 posuit
504 1120 651 1203 gestatas
674 1117 770 1183 belua
793 1118 903 1183 turris.

93 1205 252 1270 chelsae
275 1209 346 1270 tum
370 1227 469 1271 saeua
491 1210 579 1271 retes
603 1206 789 1290 spectacula
810 1204 932 1271 Poenis

93 1292 339 1359 Flammiferam
362 1316 513 1379 accepere
535 1294 650 1379 fecem,
674 1294 844 1380 subitaque
867 1295 1013 1380 procella

96 1382 255 1447 Arserunt
279 1383 391 1466 marie,
415 1386 513 1468 atque
536 1383 670 1468 expauit
692 1383 816 1448 lumina
838 1381 977 1449 Nereus.

138 1469 285 1536 Mansuri
308 1492 441 1555 compos
464 1471 589 1537 decoris
612 1493 671 1558 per
694 1473 822 1537 saecula
844 1475 963 1552 rector,
1054 1484 1098 1538 sss

95 1559 251 1625 Deuictae
274 1559 418 1625 referens
441 1560 566 1645 primus
590 1560 785 1645 cognomine
806 1563 924 1645 terrae,

95 1647 232 1715 Securus
257 1649 388 1733 sceptri,
403 1648 531 1734 ¹repetit
553 1671 611 1732 per
634 1650 762 1715 caerula
784 1649 926 1715 Romam

95 1738 140 1802 Et
163 1737 271 1822 patria
293 1737 461 1802 inuehitur
484 1737 618 1802 sublimi
640 1741 728 1803 tecta
749 1738 926 1822 triumpho.

94 1825 181 1892 Ante
205 1826 346 1911 Syphax,
369 1826 488 1892 feretro
512 1825 668 1910 residens,
691 1826 822 1910 captiua
844 1827 1016 1912 premebat

94 1913 244 1994 Lumine,
268 1919 301 1979 et
325 1919 459 1980 auratae
483 1915 658 1980 seruabant
681 1915 765 1980 colle
788 1919 931 1982 catenae.
1056 1929 1100 1981 seo

95 2003 158 2068 Hic
181 2003 323 2068 Hannon
346 2004 489 2088 clarique
512 2024 613 2089 genus
637 2003 816 2069 Phoenissa
838 2003 973 2069 iuuenta

94 2091 140 2157 Et
163 2091 326 2157 Macetum
349 2092 449 2176 primi
473 2096 569 2178 atque
593 2092 712 2158 incocti
735 2114 872 2177 corpora
893 2091 1012 2177 Mauri,

95 2180 179 2245 Tum
203 2179 367 2245 Nomades
394 2184 557 2265 notusque
582 2202 688 2266 sacro,
717 2203 789 2246 cum
817 2181 938 2246 lustrat
961 2183 1101 2263 harenae,
1126 2192 1129 2197 '

94 2268 271 2333 Hammoni
291 2267 450 2334 Garamas
469 2274 503 2333 et
527 2291 653 2354 semper
675 2269 835 2353 naufraga
859 2268 978 2353 Syrtis.

94 2355 172 2421 Mox
196 2355 300 2421 uictas
324 2357 460 2421 tendens
484 2355 651 2442 Carthago
676 2359 717 2422 ad
740 2358 846 2423 sidera
868 2359 999 2442 palmes
1056 2371 1102 2424 666

94 2444 170 2510 Ibat
193 2448 226 2509 et
250 2445 375 2529 effigies
399 2466 474 2510 orae
497 2446 563 2510 iam
588 2447 670 2511 lenis
694 2445 845 2525 Hiberae,
1134 2452 1138 2477 ³

95 2532 269 2598 Terrarum
292 2533 367 2598 finis
391 2533 497 2599 Gades
522 2556 560 2599 ac
582 2536 733 2601 laudibus
757 2534 836 2600 olim

94 2621 266 2688 Terminus
290 2621 458 2687 Herculeis
483 2620 584 2706 Calpe
607 2623 782 2709 Baetisque
805 2625 916 2690 lauare

95 2709 182 2777 Solis
207 2733 307 2797 equos
331 2711 417 2777 dulci
441 2717 614 2778 consuetus
633 2712 775 2778 fluminis
799 2712 895 2779 unda.

94 2827 308 2838 -.-----

166 2893 218 2941 616
236 2883 371 2940 Prccellis
391 2890 410 2937 0
430 2917 464 2926 -
482 2886 633 2942 Preecellis
656 2887 762 2943 resides
785 2888 881 2943 hostes
900 2887 1037 2946 Heinsius
1064 2887 1104 2943 Pr.

95 2957 266 3013 residentem
284 2956 396 3010 hostem
409 2957 498 3013 Bothe
519 2958 643 3013 resident
660 2959 756 3013 hostes
770 2956 842 3012 mihi
855 2961 900 3014 sat
921 2973 1106 3030 desuperque

93 3029 175 3098 iunpi
192 3029 255 3109 uult
271 3027 364 3083 Bertb
467 3033 528 3084 612.
543 3034 595 3084 616
615 3029 681 3084 dum
699 3047 736 3084 m.
755 3047 783 3098 p.
802 2976 963 3099 Praecdllis,
984 3029 1107 3087 resident

93 3099 189 3155 hostes
214 3097 284 3152 mrhi
308 3117 330 3154 s.
355 3117 375 3153 s.
399 3099 520 3170 Ruperti
550 3117 616 3154 nam
640 3118 677 3155 m.
700 3119 726 3170 p.
750 3099 915 3156 Praecellis:
944 3102 996 3157 sed
1019 3102 1107 3157 adhuc

94 3170 191 3225 hostes
216 3170 327 3238 Withof
430 3177 481 3226 616
504 3171 649 3226 immixtus
668 3172 802 3228 Heinsius
910 3178 963 3228 618
988 3175 1064 3228 artes
1087 3175 1105 3224 1«

95 3247 147 3296 620
171 3241 324 3314 Armaque]
349 3241 442 3312 Atque
465 3242 525 3298 aeri
547 3243 602 3298 inc.
625 3244 671 3298 uel
692 3242 822 3312 Aeraque
846 3245 875 3298 et
897 3241 953 3299 inc.
973 3243 1107 3300 Heinsius

55 3375 61 3385 ,
93 3313 225 3382 Aruaque
240 3312 417 3384 Dausqncius
432 3345 464 3355 -
479 3313 589 3369 inuisae
604 3314 715 3381 Withof
782 3321 834 3370 614
853 3313 974 3386 lumina]
990 3314 1107 3370 fulmina

94 3385 230 3440 Heinsius
248 3415 281 3426 ·-
300 3385 411 3456 nereus]
431 3384 525 3440 neruis
543 3391 563 3438 1.
654 3391 704 3440 627
724 3387 841 3458 sceptri]
860 3385 957 3456 coepti
975 3386 1107 3443 Heinsius

95 3461 145 3510 661
166 3454 241 3509 Hinc
261 3461 304 3508 0V
377 3461 430 3511 634
448 3454 620 3511 HannoniL
685 3456 858 3513 666166ἰεῦ
922 3462 975 3513 637
996 3460 1027 3514 et
1048 3455 1107 3512 linis

95 3525 232 3582 Heinsius
273 3533 324 3583 638
343 3525 483 3582 hercideis
503 3532 523 3579 Ι.
543 3557 575 3568 -
595 3527 676 3597 calpe
695 3529 767 3584 deest
784 3530 816 3584 in
834 3534 853 3581 0
868 3560 903 3570 -
918 3528 1107 3600 beetesqne!
