2438 3924
150 160 215 226 168
547 160 617 216 SILI
635 159 769 216 ITALICI

151 322 326 390 Destrictis
350 346 443 389 ruere
467 327 564 409 atque
587 323 673 389 Itala
695 323 854 408 depellere
878 325 984 410 terra3

151 413 328 499 Omnisque
357 436 376 477 a
400 411 520 477 Cannis
544 411 843 498 Thrasymennique
872 411 980 477 omnis
1014 413 1169 479 abundis

150 503 189 567 ln
211 506 349 586 pontum
371 502 542 586 impellens
565 501 752 565 umbrarum
777 500 936 566 exereitus
960 501 1049 566 ibat.
1126 517 1168 568 166

150 591 234 675 Ipse,
256 592 370 676 fugam
393 591 535 674 cupiens,
558 593 654 655 notas
678 589 814 654 euadere
837 589 878 653 ad
902 589 1011 674 Alpes

152 679 335 755 Quaerebat
359 684 528 763 terraeque
552 679 637 743 ulnis
662 679 828 762 amplexus
852 678 1006 762 utrisque

151 768 318 834 Haerebat
340 767 467 832 Latiae:
492 767 592 832 donec
616 767 666 831 uis
690 789 788 831 saeua
810 765 974 850 profundo

150 857 308 922 Truderet
331 860 363 921 et
386 856 507 941 rapidis
531 856 624 920 daret
647 859 815 941 asportare
841 855 1008 940 procellis.

194 946 256 1011 His
280 964 412 1029 aegrum
436 944 516 1009 uisis
541 943 660 1009 adeunt
683 945 837 1008 mandata
858 943 1005 1009 ferentes
1125 962 1170 1013 176

154 1034 271 1119 Legati
294 1033 484 1118 patriaeque
508 1037 653 1098 extrema
675 1034 820 1117 pericula
843 1033 1010 1116 pandunt:

151 1122 295 1206 Massyla
318 1125 355 1186 ut
378 1123 504 1186 ruerint
527 1144 628 1200 arma,
651 1128 688 1187 ut
710 1121 835 1187 ceruice
858 1125 994 1186 catenas

150 1210 319 1294 Regnator
341 1211 456 1274 tulerit
478 1209 608 1295 Libyae,
631 1211 762 1294 letoque
785 1217 915 1294 negato,

152 1297 307 1364 Seruetur
329 1320 415 1363 noua
437 1321 558 1384 pompa
581 1299 666 1383 Ioui3
690 1297 855 1384 Carthago
879 1298 1015 1387 laboret

151 1386 199 1452 Ut
212 1387 330 1472 trepidi
343 1386 568 1471 Hasdrubalis,
583 1387 639 1471 qui
653 1409 761 1452 rerum
781 1387 915 1472 agitarit
928 1387 1096 1474 habenas,
1127 1404 1172 1455 176

151 1474 228 1541 Non
251 1499 315 1540 una
339 1497 495 1542 concussa
518 1475 607 1561 fuga.
644 1498 687 1560 se,
711 1476 804 1540 triste
827 1475 970 1560 profatu,

151 1563 291 1650 Uidisse,
315 1565 465 1630 arderent
487 1587 561 1629 eum
585 1565 662 1629 bina
684 1565 719 1629 in
741 1568 836 1630 nocte
859 1564 974 1629 silenti

151 1651 277 1738 Castra,
301 1657 334 1717 et
356 1655 480 1718 luceret
503 1653 668 1718 sceleratis
692 1653 804 1718 Africa
825 1651 979 1718 flammis.

150 1742 383 1828 Praerapidum
406 1744 556 1807 iuuenem
580 1742 734 1826 minitari,
757 1741 889 1806 Bruttia
913 1746 1029 1808 seruet

151 1829 265 1897 Litora
288 1831 364 1895 dum
388 1830 525 1914 Poenus,
548 1831 771 1895 detracturum
793 1830 924 1914 ignibus
949 1831 1049 1917 atris,
1125 1849 1171 1900 186

150 1918 189 1984 In
214 1942 312 2004 quam
336 1942 371 1984 se
393 1919 522 2003 referat,
544 1919 683 2003 patriam
707 1941 829 2003 suaque
850 1918 966 1984 inolita
989 1920 1097 1988 facte.

149 2007 241 2073 ¹Haec
263 2012 438 2094 postquam
462 2008 557 2092 dieta,
581 2011 614 2072 et
637 2029 730 2072 casus
753 2011 888 2091 patuere
912 2010 1105 2096 metusque,

150 2096 331 2161 Effundunt
352 2097 505 2162 lacrimas
529 2096 740 2181 dextramque
764 2101 802 2161 ut
822 2117 945 2160 numen
970 2097 1128 2166 adorant.

196 2184 333 2249 Audiuit
356 2191 451 2249 toruo
475 2186 592 2249 obtutu
617 2185 739 2250 defixus
764 2191 797 2250 et
820 2206 920 2270 aegra

151 2273 316 2356 Expendit
339 2274 438 2338 tacite
461 2294 538 2337 eura
562 2295 671 2338 secum
694 2274 764 2358 ipse
787 2275 951 2358 uolutans,
1124 2292 1170 2343 18⁶

151 2361 206 2425 An
229 2361 314 2425 tanti
338 2359 504 2445 Carthago
526 2361 625 2442 foret3
650 2362 696 2427 sic
720 2361 833 2427 deinde
856 2361 1028 2446 profatur:

152 2448 196 2514 Ὀ
221 2449 326 2513 dirum
349 2449 485 2514 exitium
508 2451 716 2515 mortalibus!
740 2473 758 2515 o
781 2450 864 2514 nihil
887 2473 1049 2535 umquam

152 2536 304 2603 Crescere
326 2560 386 2604 nee
409 2558 545 2623 magnas
565 2539 697 2623 patiens
717 2560 872 2625 exurgere
895 2538 1022 2625 laudes,

151 2626 292 2692 Inuidia!
317 2648 463 2691 euersam
486 2628 552 2691 iam
575 2628 701 2710 pridem
724 2627 890 2692 excindere
913 2626 1059 2695 Romam

152 2716 260 2800 Atque
285 2737 440 2800 aequasse
464 2716 535 2780 solo
559 2718 661 2801 potui,
683 2716 849 2782 traducere
871 2720 1004 2800 captam
1123 2736 1170 2787 116

154 2801 319 2868 Seruitum
343 2808 472 2889 gentem
496 2802 655 2889 Latioque
678 2806 844 2889 imponere
867 2806 966 2890 leges.

226 3037 277 3087 163
296 3030 437 3086 Distrietis
456 3037 475 3084 0
522 3037 574 3087 166
593 3030 707 3100 cupiens
722 3037 786 3084 LFV
805 3031 953 3102 eapienso
1002 3038 1059 3091 168
1074 3036 1169 3109 saeua]

153 3118 238 3158 caeca
266 3103 402 3159 Schrader
511 3109 561 3159 169
589 3102 705 3173 rapidus
733 3108 752 3155 0
784 3104 915 3172 rapidum
942 3105 1003 3160 aad.
1024 3108 1170 3181 pleraeque

154 3175 268 3244 raptum
287 3174 436 3230 Liuineius
455 3179 479 3228 ei
497 3174 633 3229 Heinsius
688 3180 740 3229 176
758 3175 883 3230 furentes
901 3178 925 3227 V
987 3180 1042 3233 176
1061 3180 1170 3250 trepida

154 3245 304 3300 Isieioeias
408 3251 458 3300 176
477 3246 605 3315 profatur
623 3251 647 3313 6,
665 3247 739 3301 wide
757 3261 787 3300 se
805 3247 879 3300 teste
897 3244 1029 3314 profatur
1047 3249 1171 3323 Seuliper

156 3321 207 3371 178
227 3316 355 3371 celeratis
375 3317 510 3372 Heinsius
524 3318 572 3385 (ef.
586 3334 613 3372 a.
628 3321 677 3386 91)
762 3321 814 3372 180
833 3316 1016 3386 depasturum
1035 3321 1170 3378 Heinsius

151 3388 233 3457 prob.
247 3387 368 3456 Ruperti
440 3393 492 3443 184
510 3389 611 3442 abtutu
631 3392 659 3453 0,
678 3388 750 3458 quod
764 3389 842 3457 prob.
857 3389 948 3444 Barth
962 3419 996 3429 —
1012 3397 1171 3461 aegram&

153 3462 323 3588 laodomam
337 3459 471 3528 Lefebare
489 3476 522 3515 ec
536 3460 594 3517 cod.
610 3458 676 3514 Tell.
691 3490 725 3499 —
739 3459 827 3514 tacito
843 3464 875 3530 0,
894 3460 968 3530 quod
981 3463 1068 3532 preb.
1079 3463 1169 3522 aare

137 3535 198 3588 187
236 3549 319 3589 urum
341 3536 384 3588 07
