2438 3924
100 173 120 236 6
499 170 568 226 SILI
585 169 723 224 ITALICI

97 335 194 400 Ultro
218 335 259 401 ed
283 334 509 421 magnanimos
533 332 651 398 referet
675 356 787 399 secura
808 338 953 417 nepotes

96 424 209 489 Poena
232 425 444 510 superborum
467 426 577 487 tamen
598 422 679 487 haec
703 422 833 488 durabit
851 445 997 505 auorum,

98 513 191 589 Quod
214 535 281 577 non
305 516 380 577 ante
405 533 480 576 suos
504 509 616 594 (lapus
640 510 680 576 ad
705 511 860 597 suffragia
883 511 1003 592 mittet,

97 600 203 677 Quam
217 600 384 686 Carthago
404 621 489 665 suos.
503 636 546 646 —
561 604 737 685 postquam
758 622 844 665 nunc
864 600 949 665 dicta
970 603 1119 682 senatus,

97 689 195 756 Nunc
218 691 306 756 facta
329 689 487 772 exposuit,
509 692 580 753 tum
603 689 690 753 ueris
713 688 798 754 falsa
822 710 879 772 per
902 691 1008 753 artem
1065 705 1117 755 130

98 778 226 845 Uirrius
251 778 432 844 admiscens
456 776 574 842 cecinit
595 777 697 842 fatale
720 778 846 842 cruenti

48 915 50 917 -
99 866 253 933 Turbatis
279 865 409 952 signum
433 866 521 930 belli.
544 865 664 930 furiata
686 867 836 931 iuuentus

97 956 209 1040 Arma,
220 977 311 1020 arma
327 953 609 1039 Hannibalemque
623 957 744 1020 uolunt,
759 956 826 1019 ruit
839 953 981 1038 undique
995 955 1117 1039 uulgus

96 1043 141 1108 nt
164 1045 290 1109 Poenos
313 1043 348 1107 in
371 1047 459 1108 tecta
482 1047 619 1129 uocant3
641 1045 789 1128 ingentia
811 1045 899 1108 facta

102 1130 227 1197 Sidonii
249 1133 376 1197 iuuenis
399 1132 575 1213 celebrant,
598 1136 635 1196 ut
657 1135 783 1218 ruperit
806 1131 908 1216 Alpes
1067 1149 1118 1198 135

96 1220 249 1285 Herculei
273 1221 379 1285 socius
404 1220 528 1286 decoris
552 1221 699 1306 diuisque
722 1221 922 1306 propinquas

98 1309 279 1373 'transierit
301 1331 398 1374 cursu
421 1331 532 1394 rupes,
554 1313 592 1373 ut
614 1309 710 1374 caede
732 1309 853 1373 referta

98 1395 263 1463 Olcuserit
284 1396 422 1462 Eridani
445 1399 551 1462 uictor
575 1397 671 1481 uada3
694 1398 800 1462 uictor
822 1403 860 1461 ut
882 1398 967 1461 idem

98 1485 202 1570 Lydia
224 1486 373 1551 Romano
397 1486 539 1550 turbarit
562 1490 680 1570 stagna
705 1508 830 1569 cruore;

99 1573 146 1640 Ut
168 1574 306 1640 Trebiae
329 1574 419 1658 ripas
443 1580 576 1640 aeterno
599 1575 732 1639 nomine
754 1574 861 1638 famae
1064 1593 1117 1642 110

98 1662 283 1728 Tradidcrit
307 1663 510 1749 Paulumque
532 1664 618 1729 idem
641 1664 727 1727 inter
750 1662 876 1747 proelia
900 1667 932 1727 et
955 1664 1041 1728 idem

97 1751 306 1836 Flaminium,
328 1775 479 1838 proceres
502 1775 621 1832 rerum,
644 1751 812 1818 demiserit
834 1751 968 1816 umbris.

97 1839 160 1905 His
185 1863 282 1925 super
305 1843 447 1906 excisam
470 1841 607 1925 primori
629 1840 736 1906 Marte
760 1839 943 1925 Saguntum

98 1928 144 1993 Et
168 1929 246 2014 iuga
269 1928 410 2013 Pyrenes
434 1934 468 1995 et
491 1930 650 1995 Hiberum
673 1933 707 1994 et
729 1951 820 1994 sacra
844 1929 990 2012 parentis

97 2017 307 2101 Iuratumque
331 2018 401 2082 uiro
424 2017 547 2082 bellum
571 2018 749 2099 puerilibus
775 2019 867 2082 annis
1064 2035 1116 2086 145

98 2104 326 2170 Accumulant.
360 2128 470 2187 unum,
492 2107 627 2171 ducibus
649 2110 702 2170 tot
725 2106 820 2170 caede
844 2106 1035 2189 peremptis,

98 2192 162 2258 Tot
184 2193 267 2258 fusis
292 2193 371 2274 acie,
395 2197 482 2258 stare
504 2194 592 2258 inter
614 2193 740 2276 proelia
762 2193 860 2257 nullis

101 2284 272 2347 Attactum
295 2282 380 2346 telis.
413 2303 566 2365 superum
591 2304 663 2346 cum
688 2275 819 2346 munere
844 2282 937 2346 detur

99 2369 188 2435 Huic
211 2370 334 2436 sociare
357 2370 428 2435 uiro
453 2371 584 2435 dextras
608 2374 641 2434 01
663 2369 792 2434 foedere
814 2370 916 2456 iungi,

97 2457 216 2523 Festus
241 2458 396 2544 exanguis
419 2459 533 2543 populi
555 2480 740 2543 uanumque
763 2462 927 2524 tumorem
1064 2479 1117 2528 150

98 2547 264 2612 Nimirum
287 2546 398 2632 Capua
421 2550 454 2612 et
477 2548 679 2612 dominatum
701 2547 846 2632 perferat
869 2547 969 2627 urbis,

99 2633 167 2701 Oen
189 2635 322 2700 famulis
344 2635 448 2701 fasces
473 2640 672 2723 aequataque
695 2639 767 2702 iura
789 2636 961 2721 negantis?

98 2724 236 2789 Prorsus
260 2725 346 2789 enim
370 2728 462 2789 tento
486 2725 647 2809 potiorem
670 2727 801 2790 nomine
824 2724 1007 2790 habendum

102 2812 294 2892 Uarronem,
318 2817 355 2878 ut
377 2813 485 2899 fugiat
508 2815 621 2879 consul
644 2814 824 2900 fulgentior
848 2818 947 2878 ostro.

143 2902 238 2967 Talia
260 2901 420 2967 iactantes
444 2903 508 2967 iam
533 2904 652 2969 lectam
677 2906 766 2968 sorte
789 2902 950 2985 parabant
1063 2921 1117 2971 155

99 2989 243 3072 Mittere,
268 3013 350 3075 quae
373 2991 488 3076 Tyrios
512 2991 670 3077 adiungat
692 2991 830 3071 foedere,
853 2991 982 3075 pubem.

103 3076 256 3143 sednon
278 3079 434 3146 inuictum
459 3081 600 3164 ponebat
622 3083 753 3164 pectore
776 3079 875 3144 robur

173 3258 224 3307 126
243 3254 347 3310 referet
361 3260 397 3306 ch
440 3260 489 3309 127
509 3255 630 3308 durabat
645 3258 688 3306 ov
731 3259 782 3308 120
801 3253 878 3324 suos]
899 3256 963 3309 ruat
977 3253 1118 3314 Scluudcr

102 3330 152 3378 132
174 3323 306 3379 Turbatis
325 3326 489 3381 00110011
519 3324 639 3380 Turbati
657 3330 673 3376 8
748 3331 797 3379 133
817 3326 933 3380 alterum
948 3342 1027 3381 arma
1041 3330 1118 3385 deest

99 3398 171 3449 irco
245 3400 296 3450 135
315 3396 422 3466 ruperit
441 3397 554 3465 cmEp.
570 3401 623 3451 101
698 3401 748 3450 137
767 3395 911 3451 reiectat
985 3401 1118 3455 1331111-

100 3466 177 3536 parit
195 3466 332 3522 Schrader
388 3473 437 3521 141
458 3469 490 3521 ut
507 3466 584 3520 idem
604 3470 647 3519 ov
702 3472 754 3520 143
772 3465 880 3520 Η1100
942 3472 992 3520 150
1011 3469 1118 3526 Faetus

100 3537 252 3609 exsanguis
271 3542 307 3590 011
380 3544 429 3592 101
449 3537 513 3592 urbi
531 3543 568 3590 011
