2438 3924
153 143 197 205 46
557 140 626 194 SlLI
643 138 777 194 ITALlCl

156 305 354 372 Summissas
378 303 517 368 tendunt
541 303 608 367 alta
631 302 672 366 ad
695 301 790 387 06616
776 301 858 367 66116
881 301 1023 368 dextras
1131 321 1170 371 646

154 395 200 460 Et
222 395 304 459 testa
269 394 463 479 tcingunt
485 391 605 457 montis
629 395 727 475 penet
713 391 811 456 tralia
832 390 938 455 lauro.

155 484 240 548 Tum
262 484 385 568 uultus,
409 482 503 545 modo
527 502 594 545 non
612 501 719 633 paruo
745 479 861 544 sudore
885 479 1074 569 madentis,

153 571 250 638 Nunc
272 571 341 636 laet
326 574 379 636 tos
402 570 491 634 Iouis
515 572 685 652 aspectant
689 567 797 651 :Da,
821 588 949 633 summe
975 534 1130 657 deorum,

153 662 215 744 De,
238 663 341 745 pater,
363 664 401 724 ut
425 680 516 724 sacro
540 657 700 740 Libysin
665 660 752 722 mter
774 655 900 743 proelia
922 656 995 723 telo

155 747 323 815 Concidet.
360 748 448 813 haud
472 746 538 811 alia
560 746 649 830 potis
673 750 723 810 cst
710 746 933 811 toccumbere
954 745 1102 815 dextra'
1130 766 1170 815 646

200 836 253 903 Sic
277 837 357 902 adeo
381 840 477 901 orant
479 857 512 899 es
535 855 683 918 pressere
707 834 816 899 611666
792 839 849 919 616,
871 837 1061 919 postquam

153 926 349 991 Abstulerat
371 928 477 989 terras
500 924 707 1008 nigrantibus
731 923 896 1007 Hesperus
920 924 1070 991 umbris.

157 1013 260 1090 Quem
284 1014 383 1078 simul
407 1016 456 1078 att
442 1013 562 1077 6611666
585 1013 724 1077 16611666
710 1016 776 1076 tem
799 1011 954 1097 lampada
978 1012 1087 1080 Titan

155 1102 281 1187 Obruit,
258 1106 337 1166 tet
361 1102 409 1166 uit
411 1123 448 1166 66
395 1101 567 1166 trediit
591 1101 786 1166 mortalibus
811 1123 897 1184 usus,

155 1192 283 1256 Ρο6666
308 1192 410 1275 adest,
431 1211 491 1255 neo
514 1211 548 1253 se
572 1212 626 1255 cas
628 1191 689 1254 tris
713 1187 847 1254 Ο66ο6
805 1192 870 1254 trra
891 1186 1000 1273 pubes
1128 1208 1170 1258 666

155 1278 318 1344 Continet.
355 1242 443 1343 hebd
466 1270 541 1342 dum
567 1299 659 1343 enses
678 1278 782 1343 strict
773 1301 794 1361 1,
816 1278 1029 1379 mediumque
1049 1280 1170 1347 iacebat

155 1368 298 1433 Tantum
322 1368 362 1432 ad
384 1367 470 1432 bella
494 1367 567 1451 loci,
591 1371 748 1451 quantum
772 1367 958 1432 tramittere
982 1366 1098 1435 iactae

156 1455 349 1521 Sufficerent
370 1457 446 1521 hest
432 1459 495 1540 666,
517 1478 589 1521 6616
611 1455 723 1541 fulgor
746 1455 918 1520 hebescere
943 1456 1033 1521 caeli

154 1546 216 1610 Per
240 1545 385 1611 subitum
410 1545 524 1630 coepit,
548 1546 728 1628 densaeque
752 1544 862 1609 subire
886 1543 1068 1631 tenebrae,

155 1635 264 1719 Atque
288 1634 356 1699 dies
378 1635 500 1719 fugere,
519 1638 615 1720 atque
635 1633 756 1697 armari
775 1633 816 1697 ad
834 1632 963 1717 proelia
980 1654 1104 1701 rursus
1127 1650 1170 1702 666

154 1723 289 1807 Iupiter.
326 1723 518 1789 incumbunt
540 1723 639 1805 uenti,
663 1743 855 1806 crassusque
877 1724 1012 1786 rotante

154 1812 277 1876 Austro
300 1813 487 1877 nimborum
509 1811 615 1876 feruet
639 1811 767 1897 globus.
799 1811 930 1875 intonat
952 1810 1041 1896 ipse,

154 1899 247 1976 Quod
257 1904 378 1966 tremat
387 1906 420 1964 et
433 1900 590 1984 Rhodope
604 1897 792 1983 Taurusque
807 1902 840 1962 et
854 1898 979 1964 Pindus
1000 1904 1039 1965 et
1049 1901 1152 1967 Atlas.

154 1988 317 2053 Audiuere
340 1989 431 2054 lacus
453 1987 564 2065 Erebi,
587 2009 776 2072 mersusque
799 1986 971 2071 profundis

153 2075 301 2161 Agnouit
325 2077 468 2142 tenebris
492 2077 648 2141 caelestia
670 2077 758 2141 66116
781 2075 967 2160 Typhoeus.
1124 2093 1168 2145 666

153 2163 287 2229 Inuadit
308 2163 416 2229 Notus
441 2187 487 2248 ac,
510 2165 635 2248 piceam
659 2186 731 2229 curn
754 2164 911 2250 grandine
935 2165 1050 2231 multa

153 2250 207 2317 Int
193 2258 348 2338 torquens
371 2253 501 2405 nubem,
524 2256 730 2318 cunctantem
755 2259 789 2319 et
811 2275 896 2319 uana
919 2253 1112 2321 minantem

154 2339 357 2427 circumagit
381 2341 561 2425 castrisque
586 2343 699 2407 ducem
723 2342 891 2407 succedere
915 2342 1019 2427 cogit.

198 2429 321 2494 Uerum
344 2431 401 2494 ubi
425 2431 582 2514 depositis
607 2432 730 2515 saepsit
754 2453 824 2496 sese
849 2450 970 2517 aggere
994 2433 1089 2519 telis,

152 2518 255 2583 Laeta
279 2521 419 2583 serenati
442 2519 541 2585 facies
566 2521 712 2604 aperitur
735 2519 876 2604 Olympi,
1123 2536 1166 2587 666

152 2606 355 2691 Nullaqnet
356 2629 408 2671 arn
432 2609 543 2673 mitem
568 2609 680 2674 credas
703 2608 858 2673 habuisse
881 2606 1076 2676 Tonantem

152 2695 314 2780 Fulmina,
336 2718 396 2761 nec
419 2696 547 2780 placido
571 2701 737 2763 commota
717 2697 844 2762 atonit
845 2718 904 2760 rua
927 2698 1028 2763 caelo.

154 2783 261 2850 Durat
285 2791 318 2850 et
342 2783 510 2851 affirmans
534 2807 600 2850 non
622 2787 710 2851 ultra
733 2785 871 2870 spondet
892 2784 927 2849 in
949 2784 1047 2869 ipsos

153 2871 334 2939 Uenturam
357 2874 443 2940 hanc
465 2873 580 2940 aethra
602 2875 736 2960 rabiem,
760 2874 856 2939 modo
878 2872 989 2957 patria
1011 2876 1127 2945 uirtus

224 3090 275 3139 643
296 3086 500 3154 exspectanto
546 3088 598 3138 660
618 3082 749 3139 claustris
763 3084 913 3139 Burmann
949 3087 1003 3138 661
1023 3086 1120 3143 medii
1138 3102 1168 3143 ue

153 3153 344 3210 Heinsias—
369 3157 488 3226 6666666
513 3154 623 3211 &caco
750 3161 801 3209 664
824 3153 877 3208 Per
900 3154 1003 3211 sudum
1030 3157 1109 3215 86116

152 3230 203 3280 666
222 3175 387 3295 fulgeretp
477 3231 530 3281 668
555 3226 615 3292 Quo
641 3231 664 3277 V
778 3230 831 3281 669
857 3223 935 3280 erebi
956 3230 980 3277 V
1012 3228 1113 3287 crebri
1130 3232 1167 3285 tt

152 3296 267 3351 crebir
317 3303 368 3352 666
387 3298 444 3352 1661
462 3299 606 3353 Nicander
624 3297 728 3366 aliique
783 3302 835 3352 668
854 3295 1000 3352 offirmsns
1017 3299 1169 3359 Lim

152 3373 177 3423 et
195 3366 330 3422 Heinsius
438 3374 490 3423 669
509 3368 542 3423 U.
561 3368 635 3422 hanc
654 3367 753 3422 aethra
770 3367 1032 3425 16616616666666
1051 3372 1168 3429 Haase

152 3437 184 3492 U.
205 3437 303 3493 crebra
322 3438 397 3492 diem
416 3445 453 3492 ch
476 3439 510 3495 U.
530 3439 683 3508 crebraque
702 3439 777 3492 diem
792 3439 908 3495 Medias
924 3443 991 3496 teate
1004 3440 1168 3517 Dasesqurs'o

152 3509 197 3575 (Τ.
208 3527 238 3580 p.
253 3513 309 3565 204
328 3515 353 3566 et
371 3513 441 3578 211)
469 3510 503 3568 U.
522 3511 619 3565 crebro
639 3508 714 3564 diem
732 3515 773 3562 tr
800 3510 833 3565 U.
854 3509 1010 3579 crebroque
1028 3512 1113 3571 diem
1130 3517 1167 3569 ov
