2438 3924
133 174 172 229 IV
530 171 742 228 PRAEFATIO,

203 333 421 420 Coniecturae,
446 357 527 420 quas
556 357 619 400 van
640 334 731 400 Veen
760 338 792 399 et
817 333 979 401 Rossbach
1008 335 1028 399 l.
1053 336 1073 399 l.
1106 336 1149 400 ad

136 423 237 489 libros
267 423 368 488 I—X
400 425 621 510 protulerunt,
657 422 744 488 infra
775 445 833 506 per
865 425 1013 508 singulos
1045 424 1149 489 libros

137 513 331 578 enumerabo
354 513 479 578 notatis
498 513 554 596 cis,
578 533 659 596 quae
677 512 865 596 probandae
888 513 969 578 mihi
987 512 1149 578 uidentur.

135 600 205 666 Iam
234 623 316 685 quae
341 623 468 666 summa
491 601 535 665 sit
557 600 803 685 disputationis,
832 624 928 686 quam
953 601 1048 666 Thilo
1073 603 1149 666 scri·

135 690 216 774 psit,
238 692 289 755 uir
312 690 351 756 de
370 688 500 755 Silianis
525 689 640 754 studiis
664 690 881 773 prouehendis
905 691 1027 775 optime
1053 691 1149 754 meri·

134 783 201 862 tus,
225 779 337 863 paucis
360 800 529 862 exponam.

200 866 346 931 Primum
372 867 548 931 nonnullas
576 867 732 931 lectiones
756 866 875 932 codicis
899 865 1102 932 coloniensis
1127 889 1147 930 a

134 952 244 1020 Modio
263 957 297 1019 et
314 953 450 1020 Heinsio
470 955 618 1039 beditas,
641 956 679 1019 de
699 955 815 1039 quibus
836 977 960 1019 mecum
984 955 1147 1040 dissentit,

133 1042 167 1106 in
191 1043 413 1127 quaestionem
441 1047 551 1126 uocat3
582 1043 758 1108 inhaere
783 1045 889 1127 quoad
913 1043 994 1108 mihi
1017 1066 1149 1129 persua·

133 1132 212 1196 serit
197 1131 348 1198 tdootus
370 1132 426 1195 ille
450 1133 511 1215 uir,
533 1091 570 1196 tit
592 1132 608 1196 I
630 1133 705 1215 373,
727 1131 761 1195 Il
782 1133 856 1215 127,
879 1131 927 1196 IV
947 1132 1021 1216 355,
1017 1068 1148 1213 p‚Vl8

133 1219 197 1283 VH
223 1221 302 1302 184,
325 1219 408 1285 VIII
430 1220 510 1302 470,
543 1223 680 1305 apparet
711 1243 750 1285 ex
783 1220 843 1304 cis,
876 1242 958 1305 quae
991 1183 1078 1285 irifra
1107 1184 1148 1286 ad

134 1309 279 1393 singulos
301 1308 403 1374 libros
423 1308 601 1395 annotabo,
625 1309 663 1373 de
683 1309 797 1381 ceteris
816 1309 907 1393 locis,
929 1310 986 1373 ubi
1004 1332 1076 1373 mea
1095 1332 1146 1375 me

133 1397 296 1462 sententia
317 1419 383 1462 non
407 1398 523 1476 mouit,
547 1397 612 1462 alio
636 1398 709 1463 loco
733 1397 917 1481 disputabo.
954 1397 1038 1462 Tum
1063 1420 1147 1482 quae

132 1484 216 1550 ratio
246 1486 425 1551 intercedat
454 1487 539 1550 inter
569 1485 671 1550 libros
701 1487 939 1569 manuscriptos
963 1484 1089 1551 LFOV
1113 1491 1147 1550 et

131 1572 219 1658 inde,
247 1595 310 1659 quo
334 1575 444 1657 modo,
473 1596 556 1658 quae
577 1573 700 1639 fuerint
721 1574 755 1637 in
777 1573 850 1657 ipso
875 1574 983 1640 codice
1008 1573 1146 1658 Sangal-

132 1661 227 1746 lensi,
251 1664 307 1748 qui
331 1667 473 1729 aetatem
496 1685 561 1728 non
585 1663 676 1747 tulIt,
699 1661 884 1728 coniectura
906 1663 1069 1748 possimus
1094 1686 1144 1728 as-

130 1751 235 1836 sequi,
264 1752 415 1819 demonst
416 1773 486 1818 rare
510 1752 628 1818 studet
606 1750 788 1836 tNeque
812 1751 897 1816 enim
920 1773 1054 1836 prorsus
1078 1756 1146 1817 stat

131 1838 172 1903 ab
192 1839 371 1907 Hermanni
389 1839 512 1906 Blassii
531 1842 701 1923 sententIa,
725 1862 823 1930 quam
842 1840 989 1926 equidem
1015 1845 1144 1905 secutus

132 1948 213 1991 sum.
259 1929 341 1993 Rem
369 1933 478 1993 autem
505 1928 553 1993 ita
581 1930 660 1993 insti
662 1929 738 2012 tuit,
770 1933 808 1993 ut
837 1951 948 1994 omnes
977 1930 1144 2012 lectiones,

131 2036 212 2098 quas
239 2016 290 2080 illi
316 2017 481 2081 codices
472 2038 506 2079 ιιι
533 2017 649 2100 primis
677 2021 832 2101 quattuor
860 2018 952 2082 libris
982 2018 1144 2101 exhibent,

129 2103 373 2189 diligentissime
404 2105 491 2168 inter
522 2126 557 2168 se
590 2109 770 2189 comparet;
742 2106 899 2170 tunde
930 2105 1011 2170 haec
1040 2105 1070 2170 ei
1101 2107 1143 2171 ui-

128 2192 244 2257 dentur
267 2214 337 2258 csse
360 2191 544 2257 statuenda:

195 2280 306 2364 Ipsum
334 2281 477 2347 codicem
506 2279 767 2383 sangallensem,
794 2281 828 2345 id
853 2281 939 2365 quod
962 2282 1027 2347 iam
1050 2283 1142 2348 Blals

128 2370 324 2455 coniecerat,
351 2391 418 2435 non
441 2390 511 2434 esse
534 2370 568 2434 in
591 2369 724 2435 Italiam
747 2370 958 2452 translatum,
985 2372 1041 2435 sed
1060 2395 1142 2456 apo-

130 2459 279 2560 graphon
306 2459 374 2524 eius
402 2460 532 2523 tantum
559 2479 657 2523 manu
684 2457 839 2524 Germani
866 2459 992 2524 librarii
1023 2482 1143 2563 magna

128 2546 254 2612 incuria
277 2546 484 2632 exscriptum
520 2546 558 2611 Id
581 2547 794 2633 apographon
810 2543 872 2634 (S),
895 2547 1085 2632 priusquam
1108 2551 1142 2614 in

127 2634 226 2700 Italia
249 2635 454 2721 diuulgatum
478 2636 534 2719 sit,
557 2637 609 2700 uel
633 2638 674 2700 ab
698 2658 762 2701 uno
785 2638 857 2702 uiro
882 2637 1043 2702 docto-
1068 2659 1141 2702 eum

128 2722 217 2788 Bart.
240 2723 279 2789 de
297 2687 562 2807 Montepulciairo
581 2723 682 2789 fuisse
700 2725 788 2790 haud
811 2725 878 2791 scio
902 2747 943 2789 an
967 2729 1054 2791 recte
1073 2727 1141 2810 opi·

127 2816 223 2878 netur
241 2849 285 2860 -
303 2813 357 2878 uel
381 2835 401 2878 a
424 2813 645 2897 compluribus
668 2813 717 2877 ita
740 2835 810 2879 esse
834 2817 1021 2897 correctum,
1045 2819 1081 2879 ut
1100 2815 1141 2878 iis

128 2901 223 2987 locis,
252 2903 308 2986 qui
332 2924 430 2967 manu
454 2901 581 2966 librarii
605 2903 750 2987 corrupti
774 2908 831 2967 aut
853 2902 974 2967 fuerint
998 2906 1054 2968 aut
1078 2903 1141 2967 uisi

129 2989 204 3072 sint,
228 2991 441 3072 coniecturae,
464 2990 628 3055 interdum
652 2991 751 3054 etiam
774 2991 903 3076 glossae
926 3012 1046 3076 eaeque
1069 3013 1139 3074 per-

128 3077 242 3142 breues
276 3100 375 3164 supra
407 3078 635 3143 scriberentur.
679 3078 748 3144 Eos
782 3083 905 3164 autem,
937 3080 990 3163 qui
1024 3086 1141 3164 postea

127 3164 222 3230 illum
245 3166 388 3232 codicem
411 3167 706 3251 transscripserint,
730 3173 850 3233 temere
878 3168 976 3233 modo
1000 3190 1053 3233 eas
1078 3169 1139 3232 lec·

130 3253 251 3336 tiones,
280 3277 361 3339 quae
385 3255 419 3319 in
442 3260 553 3338 textu,
577 3256 673 3321 modo
706 3278 776 3334 eas,
809 3279 890 3341 quae
915 3278 1013 3342 supra
1036 3257 1139 3322 linear

127 3342 262 3425 fuerint,
293 3345 461 3428 recepisse.
521 3344 644 3421 Quodsi
676 3345 782 3410 solum
814 3346 890 3410 illos
924 3344 1062 3426 codices,
1101 3346 1140 3410 de

128 3431 245 3516 quibus
270 3433 392 3519 agitur,
414 3430 546 3516 LFOV,
573 3433 797 3518 respiciamus,
827 3433 996 3499 codicem
1030 3432 1051 3497 S
1085 3435 1139 3498 ui-

127 3519 208 3585 deri
232 3521 291 3586 bis
315 3543 398 3586 esse
417 3522 671 3607 exscriptum3
695 3523 860 3587 alterum
885 3523 1139 3609 apographon
