2438 3924
191 115 235 178 30
363 131 365 134 ·
588 114 657 170 SILI
675 112 809 169 IT-ALIGI

194 276 324 343 Cornua
347 281 380 342 et
401 277 437 341 in
459 276 612 342 membris
637 297 792 341 concussa
812 274 997 340 furentibus
1022 298 1133 344 arma.

190 365 307 430 Fertur
330 366 446 431 acerba
470 366 540 430 lues
565 364 709 429 disiectis
731 364 833 428 incita
855 364 971 449 portis,

190 454 386 538 Effusaeque
409 457 509 519 ruunt
532 452 665 536 inopino
689 451 822 516 flumine
845 455 989 538 turmae3
1165 472 1210 522 185

190 542 363 628 Improbus
386 547 424 607 ut
445 542 558 607 fractis
583 541 725 605 exundat
745 540 891 613 molibus
915 541 1032 627 amnis,

190 630 384 716 Propulsum
407 635 445 694 ut
467 629 575 695 Borea
598 628 740 713 scopulis
763 629 958 714 impingitur
985 651 1125 718 aequor,

190 720 238 786 Ut
261 723 359 805 rupto
383 723 489 784 terras
512 718 672 782 inuadunt
696 738 822 783 carcero
844 717 943 783 uenti.

189 807 259 872 Neo
281 811 426 873 torrente
450 806 550 890 Libys
574 806 647 871 uiso
671 828 900 891 armorumque
922 807 1102 893 uirumque

190 895 343 961 Deiectus
367 915 496 980 sperare
519 895 615 959 ualet.
654 895 719 959 dux
741 895 914 960 Dardanus
937 895 1044 961 instat
1162 916 1209 966 190

189 985 350 1068 Attonito,
373 1004 584 1069 praegressus
608 1006 701 1068 equo,
724 984 891 1068 tergisque
914 988 1071 1050 ruentum
1127 1007 1129 1010 ·

189 1072 383 1136 Inoumbeus
406 1072 512 1157 hasta,
535 1071 640 1137 socios
664 1094 749 1137 nunc
772 1089 850 1137 uoce
873 1071 1006 1157 fatigat:

189 1159 313 1245 ‘Perge
323 1180 392 1244 age,
401 1160 451 1225 fer
460 1179 601 1244 gressus.
624 1159 737 1225 dexter
751 1160 844 1246 deus3
857 1160 1003 1244 horaque
1017 1169 1142 1229 nostra
1152 1169 1209 1230 est

188 1248 260 1313 Hac
282 1248 346 1313 iter
369 1249 409 1313 ad
432 1270 543 1314 muros
567 1246 720 1334 Capuae?
756 1246 851 1313 Nunc
874 1259 985 1314 rursus
1008 1249 1045 1314 in
1074 1251 1208 1318 hostem

188 1335 387 1401 Conuersus:
407 1334 484 1403 ‘Sta
508 1357 571 1422 quo
585 1337 733 1423 raperis?
757 1358 823 1402 non
837 1339 937 1421 terga
960 1332 1123 1424 tuorumj
1158 1357 1206 1407 195

187 1423 242 1508 Te,
266 1425 380 1491 ductor
403 1425 535 1510 Libyae,
557 1425 725 1508 increpito.
755 1429 817 1490 sta.
849 1446 983 1510 campus
1008 1430 1043 1490 st
1066 1450 1166 1494 arma

187 1511 233 1577 Et
256 1513 345 1578 Mars
369 1514 404 1579 in
426 1514 587 1579 manibus.
621 1514 751 1578 dimitto
775 1535 794 1577 e
815 1513 913 1579 oaede
937 1513 1104 1602 cohortes,

188 1599 376 1685 spectemur
398 1602 468 1667 soli.
504 1601 680 1668 Marcellus
704 1601 830 1686 proelia
852 1601 973 1686 posco?

187 1687 241 1755 Sic
264 1694 371 1755 rector
394 1691 523 1776 Latius3
546 1690 719 1775 iuuenique
742 1689 895 1755 inuadere
916 1712 1064 1774 pugnam

185 1778 332 1844 Barcaeo
357 1779 515 1844 suadebat
535 1778 641 1843 honor
663 1778 867 1863 pretiumque
890 1778 1013 1863 pericli.
1156 1799 1206 1850 ooo

232 1865 295 1931 Sed
318 1888 385 1932 non
406 1867 486 1932 haec
509 1866 637 1950 placido
661 1866 815 1931 cernebat
836 1870 968 1951 pectora
989 1866 1075 1933 Iunc

187 1953 376 2038 Coeptoque
399 1954 520 2019 auertit
542 1975 695 2039 suprema
717 1954 752 2018 in
773 1954 844 2019 fata
866 1959 1025 2020 ruentem.

186 2039 308 2107 Sistere
331 2043 498 2127 perculsos
521 2042 578 2106 ille
602 2046 635 2105 et
657 2063 809 2107 reuocare
831 2042 974 2108 laborat:

185 2129 340 2195 ‘Tulesne
364 2151 381 2195 e
405 2129 529 2214 gremio
554 2127 684 2214 Capuae
706 2131 865 2214 tectisque
889 2130 1032 2196 sinistris

186 2217 406 2302 Egredimur‘?
431 2221 526 2301 state,
549 2239 568 2282 ο
593 2219 713 2301 miseri,
737 2219 809 2303 quis
832 2219 940 2303 gloria
962 2240 1094 2284 summa
1153 2237 1204 2290 205

184 2306 347 2371 Dedecori
370 2309 429 2370 est.
466 2306 515 2371 nil
538 2328 597 2371 uos
621 2306 727 2390 hodie,
749 2307 831 2371 mihi
854 2307 984 2393 credite,
1006 2310 1103 2394 terga

184 2393 351 2458 Uertentis
374 2394 474 2459 fidum
498 2399 656 2478 expectat.
693 2395 866 2479 meruistis,
889 2399 926 2460 ut
949 2396 1057 2460 omnis

183 2481 322 2568 Ingruat
345 2481 501 2560 Ausonia,
525 2488 558 2547 et
581 2505 678 2548 saeuo
701 2481 850 2548 Mauorte
872 2484 1025 2568 parastis,

184 2570 235 2635 Ne
261 2593 325 2655 qua
348 2592 421 2655 spes
444 2570 535 2636 fusos
559 2572 649 2655 pacis
672 2571 823 2654 uitaeque
847 2571 1012 2637 maneret'

183 2658 346 2724 Uinoobut
369 2659 510 2725 clamore
533 2660 630 2724 tubas
654 2659 809 2744 uocisque
832 2658 946 2744 uigore
1151 2680 1203 2730 210

186 2747 343 2824 Quamuis
368 2748 552 2813 obstructas
577 2769 694 2813 saeuus
717 2748 911 2832 penetrabat
934 2749 969 2813 in
992 2748 1093 2817 auris.

257 2909 308 2958 184
326 2907 458 2958 acerbum
478 2910 494 2956 8
517 2935 550 2945 -
569 2903 823 2960 incita....1.ro
852 2904 933 2973 (iar
961 2904 1050 2960 incita
1072 2922 1109 2960 m.
1129 2913 1152 2963 2
1171 2910 1204 2964 in

168 2975 313 3046 ‘'zacuaam
340 2976 484 3042 insertum)
511 2973 541 3029 in
560 3014 662 3030 .....
676 2977 700 3026 V
722 3005 758 3014 -
780 2973 870 3043 portis
898 2975 975 3030 codd.
996 2975 1062 3030 Put.
1083 2983 1110 3032 et
1132 2978 1201 3036 reu.

183 3045 287 3113 aliique
304 3045 405 3099 turmis
420 3051 457 3098 ch
471 3045 517 3113 (Τ.
528 3062 559 3115 p.
574 3048 645 3113 248)
662 3075 696 3086 -
715 3045 837 3114 undique
855 3045 921 3099 telis
938 3045 1025 3116 sculpo
1070 3051 1124 3102 18⁹
1139 3051 1202 3105 uiso

183 3117 242 3170 cod.
259 3115 324 3170 Prot.
342 3116 408 3170 nisu
425 3121 508 3170 cm
533 3116 596 3170 uisu
615 3120 634 3168 0
662 3115 724 3170 niso
742 3119 765 3168 V
786 3147 817 3155 —
837 3116 960 3170 terrente
979 3115 1010 3172 L.
1029 3114 1096 3172 uisu
1113 3121 1203 3192 carpo

183 3216 217 3226 -
236 3185 382 3255 uirumque
401 3191 446 3238 Π
463 3187 555 3241 uirum
572 3192 593 3239 1.
610 3189 732 3256 utruque
752 3191 771 3238 ⁰
821 3191 873 3241 190
891 3186 1024 3241 Deiectus
1043 3203 1103 3257 sps,
1123 3191 1201 3247 staro

182 3256 262 3311 ualet
279 3256 399 3326 Ruperti
443 3263 494 3312 191
529 3273 689 3327 raogrossos
705 3262 788 3310 (ΜΕ
805 3271 970 3326 progressus
984 3260 1028 3309 οῖ
1075 3262 1129 3314 193
1145 3261 1203 3316 fert

182 3343 293 3396 gressus
316 3327 414 3382 dexter
439 3328 464 3383 d.
517 3329 620 3384 einum
728 3333 778 3382 196
803 3328 860 3382 stet
884 3344 999 3398 campus
1017 3327 1203 3401 Daciaques'ua

184 3403 235 3452 rot
255 3413 270 3451 e
289 3397 374 3453 caedo
392 3403 457 3452 m
484 3399 646 3455 acaadso
672 3399 758 3455 oasds
776 3403 813 3450 ch
830 3429 864 3439 -
884 3398 998 3454 dimitte
1016 3413 1041 3454 c.
1060 3400 1204 3460 Hapsus

182 3473 234 3523 205
254 3484 362 3523 summo
381 3468 517 3526 Betucius
588 3474 640 3525 206
659 3469 837 3526 Dedecoriv
864 3469 966 3524 Decori
984 3474 1047 3522 nto
