2438 3924
556 171 628 227 SILI
644 172 777 228 ITALICI

472 444 843 518 SILIITALIOI

357 600 1012 684 PUNIOORUM'

418 775 529 830 LIBER
546 774 704 830 TERTIUS
724 773 893 830 DECIMUS.

155 954 260 1040 Segne
282 955 345 1019 iter
368 976 498 1019 emenso
522 955 578 1020 uix
600 955 677 1020 dum
699 954 838 1038 Tarpeia
860 954 966 1020 uideri

155 1043 306 1110 Culmina
329 1043 502 1129 desierant,
524 1045 637 1108 toruos
660 1066 734 1108 cum
756 1065 870 1108 uersus
894 1043 936 1107 ad
960 1044 1089 1112 urbem

153 1133 279 1197 Ductor
301 1132 492 1216 Agenoreus
514 1133 626 1196 uultus
650 1153 794 1197 remeare
816 1131 964 1217 parabat.

153 1219 268 1286 Castra
291 1220 387 1301 locat,
408 1219 501 1284 nulla
522 1220 653 1284 laedens
676 1220 734 1284 ubi
756 1221 906 1307 gramina
929 1221 1006 1306 ripa

151 1308 249 1373 Tutia
273 1308 401 1372 deducit
425 1311 556 1373 tenuem
580 1308 649 1373 sine
672 1309 804 1374 nomine
825 1308 933 1373 riuum
1160 1327 1176 1378 u

151 1396 197 1461 Et
218 1397 317 1461 tacite
340 1397 455 1461 Tuscis
478 1397 636 1482 inglorius
662 1397 766 1462 affluit
787 1396 892 1463 undis.

150 1484 215 1550 Hic
238 1485 334 1550 modo
357 1485 517 1570 primores
541 1487 674 1569 socium,
696 1486 793 1552 modo
815 1484 905 1550 iussa
930 1486 1086 1573 deorum,

151 1571 248 1638 Nunc
271 1595 340 1638 sese
363 1574 550 1658 increpitat:
574 1574 653 1640 ‘Dio
676 1596 706 1658 o,
728 1574 782 1639 cui
804 1574 908 1658 Lydia
930 1574 1033 1640 caede

152 1661 333 1728 Oreuerunt
356 1666 476 1746 stagna
499 1666 532 1727 et
555 1685 709 1728 concussa
734 1666 785 1727 est
806 1662 937 1727 Daunia
959 1664 1069 1731 tellus

150 1752 328 1815 Armorum
350 1754 485 1834 tonitru,
508 1774 588 1835 quas
612 1752 815 1816 exanimatus
839 1751 874 1814 in
896 1773 972 1816 oras
1140 1772 1173 1821 ιο

150 1836 252 1924 Signa
275 1839 398 1904 refers?
431 1840 486 1924 qui
509 1862 620 1904 mucro
645 1844 752 1924 tuum,
780 1861 862 1923 quae
890 1839 1007 1905 lancea
1030 1843 1174 1911 tandem

149 1926 292 1992 Intrauit
314 1928 449 2012 pectus?
482 1928 510 1991 si
532 1950 617 1993 nunc
640 1928 792 1992 existeret
816 1928 903 1991 alma

150 2013 318 2099 Carthago
343 2019 417 2079 ante
442 2016 561 2100 oculos,
583 2018 703 2081 turrita
726 2017 814 2081 celsa
835 2016 951 2102 figura,

60 2154 63 2158 -
150 2102 237 2178 Quas
262 2104 381 2188 abitus,
404 2103 508 2181 miles,
532 2126 654 2189 causas,
677 2105 799 2188 illaeso,
823 2104 987 2170 dedisses?

149 2191 313 2275 “Imbres,
333 2213 351 2256 o
371 2190 488 2276 patria,
508 2196 540 2256 et
558 2193 679 2257 mixtos
697 2215 769 2258 cum
790 2193 947 2278 grandine
965 2193 1108 2264 nimbos
1139 2214 1172 2265 1⁶

147 2279 194 2344 Et
216 2278 356 2344 tonitrus
380 2278 506 2365 fugio.''
542 2282 655 2363 procul
678 2281 763 2345 hanc
786 2281 949 2365 expellite,
971 2288 1107 2371 gentes,

147 2367 345 2452 Femineam,
369 2367 495 2453 Tyriae,
518 2369 636 2452 labem,
659 2370 724 2434 nisi
746 2370 817 2434 luce
841 2391 954 2434 serena

147 2455 283 2521 Nescire
307 2477 344 2520 ac
367 2455 493 2540 liquida
515 2455 698 2523 Mauortem
722 2458 848 2542 agitare
871 2459 931 2522 sub
955 2459 1104 2531 aethra?

192 2542 312 2609 Terror
335 2544 439 2609 adhuc
457 2542 564 2609 inerat
583 2568 735 2630 superum
753 2567 791 2612 ae
808 2547 989 2613 redolentia
1006 2547 1046 2615 in
1065 2552 1171 2619 armis

147 2631 299 2697 Fulmina
322 2636 355 2696 et
379 2637 452 2697 ante
476 2634 586 2698 oculos
609 2634 686 2699 irati
708 2655 820 2719 pugna
841 2635 1013 2703 Tonantis.
1134 2656 1170 2709 ao

148 2720 288 2786 Parendi
311 2725 422 2786 tamen
446 2725 478 2788 et
501 2723 689 2809 cuicumque
711 2724 897 2796 incumbere
919 2723 1013 2791 iusso

147 2809 297 2875 Durabat
318 2810 421 2895 uigor,
445 2832 490 2894 ac,
514 2812 633 2875 sensim
658 2811 792 2876 diffusus
816 2812 967 2898 adoras,

149 2897 252 2985 Signa
274 2899 463 2983 reportandi
486 2899 653 2964 crescebat
674 2900 709 2964 in
733 2900 863 2986 agmine
884 2899 1006 2969 feruor.

148 2985 211 3064 Sic,
234 2987 292 3051 ubi
315 2988 463 3071 corrupit
486 2991 694 3073 stagnantem
718 2988 860 3054 calculus
883 2988 1017 3076 undam,
1109 3072 1112 3079 Ι

217 3179 382 3251 claudens]
405 3179 507 3234 radens
525 3179 661 3234 Heinsius
678 3179 806 3234 lambens
834 3180 928 3249 Blasc,
952 3181 1002 3236 aad
1018 3183 1057 3249 af.
1084 3184 1171 3259 Vq.

146 3251 215 3306 Aen.
234 3248 300 3304 VII.
315 3257 371 3306 809
457 3249 578 3305 oTutia
594 3255 659 3303 IAEV
686 3249 812 3305 Tuclao
840 3249 926 3305 Turia
944 3257 980 3304 (ld
997 3252 1046 3319 (T.
1084 3298 1094 3313 .
1107 3260 1169 3315 218

145 3327 171 3377 ct
189 3324 258 3388 214)
310 3320 432 3376 otacite
452 3326 495 3374 ov
521 3323 601 3376 tante
619 3326 660 3374 ΒΕ
711 3321 804 3393 8eui]
824 3323 894 3376 tuo
950 3328 984 3377 14
1002 3323 1053 3380 abi
1122 3332 1167 3383 10

147 3392 261 3447 habitus
279 3396 325 3445 LV
397 3398 430 3447 15
449 3391 585 3462 grandine
603 3398 648 3444 cnr
661 3391 717 3462 Ep.
732 3397 771 3448 38
851 3397 885 3446 16
904 3394 1004 3462 gentes
1022 3394 1169 3457 Heiutus

148 3462 276 3534 gentis!
304 3461 383 3532 genti
400 3464 597 3519 Drakenborch
669 3468 703 3518 18
721 3462 866 3532 liquidos
945 3470 980 3518 22
999 3463 1127 3529 diff-nm
1141 3474 1170 3527 τ

148 3532 257 3590 diffusis
274 3538 316 3586 Π
344 3533 452 3589 diffisus
472 3539 491 3587 0
510 3566 544 3581 -
564 3551 627 3591 oras
645 3533 730 3590 Blaaa
747 3535 794 3603 (cf.
809 3551 837 3590 u.
851 3535 905 3602 28)
932 3533 1009 3593 auris
1028 3542 1046 3593 Ι
