2438 3924
106 169 172 234 140
501 166 569 221 stul
588 166 721 223 lTALICl

106 330 197 396 ‘Uos
220 331 317 396 hodie
340 351 449 414 posco,
473 330 592 413 superi.
627 330 806 413 protraxtis
831 331 872 394 ad
895 341 990 395 arma

108 419 201 495 Quod
223 418 391 503 profugos,
414 418 494 482 satis
518 422 575 482 est.
612 417 647 481 in
670 418 783 482 dextra
806 422 914 484 cetera
936 420 1039 485 nobis
1097 437 1129 488 st

107 507 205 591 Uota,
228 507 304 592 uiri,
328 506 443 591 rapite,
466 506 521 588 ite,
542 527 666 590 precor.
703 510 800 571 uocat
823 528 896 572 ecoe
918 506 1067 574 furentis

107 596 192 661 Hinc
210 599 312 681 pater,
330 595 406 659 hinc
424 597 571 679 patruus.
594 595 724 679 gemina
745 616 764 659 ο
783 595 864 659 mihi
877 595 1017 662 numina
1037 599 1130 684 belli,

107 685 232 766 Ducite,
256 683 380 767 adeste3
404 703 528 765 sequor.
566 681 681 766 dignas
705 683 903 767 spectabitis,
926 688 985 749 aut
1009 708 1069 752 me

106 772 257 837 Praescia
280 793 371 835 mens
393 770 491 850 fallit,
514 775 622 835 uestro
645 770 711 835 iam
734 772 865 836 nomine
888 772 1014 839 caedes.

106 859 192 924 Nam
217 860 290 944 quis
313 859 375 923 erit
398 857 531 922 tandem
555 859 679 943 campis
702 859 831 924 telluris
854 858 1000 925 Hiberae
1094 879 1128 929 ao

106 947 258 1012 Bellandi
282 946 419 1011 modus?
444 967 484 1009 sn
506 967 661 1029 umquam
685 946 807 1012 lucebit
827 948 861 1011 in
886 948 965 1012 orbe

106 1035 167 1100 Ille
191 1036 268 1116 dies,
293 1057 356 1118 quo
380 1037 413 1097 te
437 1055 609 1118 armorum,
633 1033 807 1120 Carthago,
830 1057 977 1100 meorum

107 1123 274 1205 Aspiciam
298 1121 423 1187 sonitus
448 1120 643 1206 admotaque
665 1123 753 1187 bella
775 1124 1013 1190 trementem?'

150 1211 296 1295 Dixerat,
320 1217 353 1274 et
374 1231 489 1274 raucus
514 1209 664 1274 stridenti
688 1233 852 1275 murmure
876 1212 1016 1299 clangor

106 1299 287 1383 Increpuit3
319 1302 453 1362 tonuere
476 1296 554 1362 feris
578 1299 773 1363 clamoribus
797 1303 894 1364 astra.
1093 1320 1126 1370 ao

107 1385 325 1472 Concurrunt,
347 1391 568 1471 quantumque
590 1387 679 1471 rapit
701 1387 859 1452 uiolentia
881 1389 978 1472 ponti

106 1474 153 1540 Et
175 1474 281 1540 Notus
306 1478 338 1540 et
362 1475 484 1540 Boreas
508 1479 541 1539 et
563 1474 774 1539 inexorabilis
798 1478 928 1558 Auster,

108 1561 191 1628 Oum
213 1567 370 1650 mergunt
387 1564 500 1647 plenas
523 1563 700 1627 tumefacta
729 1564 788 1628 sub
819 1586 961 1649 aequora
986 1567 1127 1655 classes;

108 1654 176 1719 Aut
199 1675 272 1718 cum
295 1650 442 1717 letiferos
466 1650 642 1716 accendens
666 1648 768 1716 Sirius
792 1652 894 1739 ignes,

107 1739 222 1805 Torret
245 1740 453 1805 anhelantem
477 1739 581 1804 saeuis
606 1738 775 1804 ardoribus
799 1742 926 1825 orbem,
1075 1761 1126 1811 100

108 1828 249 1893 Tantum
273 1828 358 1893 acies
382 1828 613 1911 hominumque
636 1827 727 1892 ferox
751 1827 911 1893 discordia
933 1828 1041 1896 ferro-

105 1915 258 1981 Demetit.
294 1917 382 1981 haud
405 1917 491 1981 ullus
515 1919 677 1980 terrarum
701 1918 845 2000 aequarit
868 1917 980 1983 hiatus

105 2005 293 2089 Pugnorum
316 2005 448 2087 damna3
473 2007 529 2068 aut
553 2008 678 2089 strages
700 2026 759 2088 per
781 2005 948 2090 inhospita
968 2007 1082 2074 lustra

106 2091 270 2177 Umquam
293 2095 344 2157 tot
369 2092 491 2156 dederit
514 2092 620 2156 rabies
643 2092 806 2157 horrenda
827 2093 980 2160 ferarum.

105 2180 175 2245 Iam
198 2181 304 2264 campi
327 2180 493 2264 uallesque
513 2181 653 2264 madent,
676 2181 893 2265 hebetataque
916 2184 993 2249 tela.
1073 2203 1124 2253 105

104 2266 151 2332 Et
172 2268 272 2352 Libys
295 2268 471 2332 occubuere
495 2271 528 2332 et
552 2271 699 2333 amantes
722 2268 839 2334 Martis
862 2269 989 2336 Hiberi.

108 2354 182 2421 Stat
204 2360 315 2421 tamen
339 2377 403 2420 una
425 2355 497 2421 loco
520 2355 676 2440 perfossis
698 2357 815 2421 debilis
826 2359 939 2423 ¹armis
968 2386 981 2398 =

105 2443 325 2528 Luctaturque
349 2443 443 2528 acies,
467 2465 530 2528 qua
553 2445 696 2511 concutit
718 2444 906 2510 Hasdrubal
928 2446 1075 2514 hastam.

105 2531 174 2598 Nec
196 2532 292 2596 finem
318 2531 409 2597 daret
431 2532 487 2596 ille
511 2532 578 2596 dies
603 2532 812 2618 animosaque
835 2534 952 2619 uirtus,

105 2619 150 2686 Ni
173 2620 326 2705 perlapsa
348 2621 419 2685 uiro
443 2620 563 2685 loricae
585 2622 729 2705 tegmine
751 2621 898 2687 harundo
1072 2643 1125 2692 110

104 2707 151 2773 Et
173 2729 271 2794 parco
296 2730 457 2773 summum
480 2709 637 2774 uiolasset
658 2709 791 2774 uulnere
815 2731 932 2794 corpus

108 2795 334 2881 Suasissetque
356 2796 478 2882 fugam.
514 2796 629 2880 rapido
653 2798 831 2862 certamina
854 2798 975 2883 linquit

105 2886 144 2950 ln
168 2885 310 2950 latebras
335 2888 464 2949 euectus
488 2906 571 2969 equo
593 2885 763 2969 noctisque
784 2908 843 2969 per
865 2887 1018 2955 umbram

104 2973 156 3038 Ad
179 2969 401 3038 Tartessiacos
424 2973 531 3038 tendit
553 2995 612 3057 per
634 2973 733 3038 litora
755 2977 880 3058 portus.

179 3171 213 3220 84
232 3164 384 3234 protraxtis
404 3171 441 3217 ch
467 3163 618 3235 protractis
637 3170 653 3216 1
713 3169 746 3219 85
765 3165 898 3288 profuqos
918 3170 956 3219 cu
1011 3173 1047 3223 86
1067 3167 1121 3242 ite]

106 3237 147 3290 ire
161 3237 248 3292 Bothe
290 3240 323 3290 93
343 3235 463 3307 sonitus]
483 3235 603 3291 tonitrus
617 3234 752 3290 Heinsius
762 3265 795 3276 -
805 3235 850 3290 bel
864 3237 893 3306 a]
908 3237 968 3292 tela
982 3238 1123 3297 Schrader

106 3312 140 3361 9⁵1
159 3306 186 3362 It
209 3305 313 3362 nothus
331 3312 351 3360 Ι,
378 3306 492 3360 Edonus
511 3308 598 3362 Botbc
724 3310 774 3360 103
798 3306 859 3378 aut]
882 3301 960 3362 haud
982 3309 1122 3378 Lefebare

107 3383 157 3432 109
180 3377 233 3432 illa
252 3380 295 3431 ov
420 3383 472 3430 110
494 3377 555 3431 uiro
575 3382 611 3429 ch
631 3406 662 3416 —
682 3376 809 3447 tegmina
826 3377 977 3434 Liuineius
1003 3384 1120 3452 tegmen

100 3449 283 3519 Duasqueius
352 3452 401 3501 111
421 3445 571 3519 uiola-sset]
589 3445 708 3502 libasset
725 3447 860 3503 Heinsius
930 3453 981 3503 118
1001 3455 1120 3508 auectus

85 3520 231 3578 &abacta
248 3527 276 3578 et
292 3520 434 3590 Lefebure
