2438 3924
388 161 604 218 PUNIGORUM
621 162 732 217 LIBER
748 161 822 216 XIII.
1069 161 1111 226 73

101 324 147 389 Et
168 324 296 388 nebulis
321 323 443 389 similes
468 324 593 389 animas
618 324 814 408 apprendere
838 327 951 389 certat.

102 413 199 489 ‘Quis
223 417 264 496 te,
288 434 361 478 care
384 416 488 498 pater,
511 434 573 497 quo
597 413 731 478 stabant
753 412 839 477 Itala
861 434 972 498 regna,

100 501 228 566 Exosus
247 501 378 567 Latium
400 502 478 565 deus
499 501 656 566 abstulit?
679 501 732 566 hei
756 501 850 565 mihil
872 524 950 565 nam
974 522 1031 565 cur
1058 516 1111 565 666

100 589 178 655 Ulla
199 590 289 654 fuere
313 590 403 674 adeo,
426 589 543 674 quibus
567 612 587 653 a
610 593 642 653 te
666 612 783 654 saeuus
807 589 964 671 abessem,

100 678 290 744 Momenta‘?
315 678 467 763 opposito
490 681 669 742 mutassem
691 682 821 763 pectore
844 682 993 742 mortem.

102 767 249 843 Quantos
272 767 442 831 funeribus
464 767 582 831 uestris
606 788 685 852 gens
708 766 795 830 Itala
817 766 942 850 passim

101 854 168 921 Dat
191 856 346 941 gemitus!
371 855 515 919 tumulus
539 856 641 938 uobis,
664 858 815 920 censente
840 863 962 939 senatu,

101 943 261 1009 Mauortis
285 944 434 1028 geminus
458 943 563 1027 surgit
585 965 642 1027 per
661 946 809 1028 gramina
832 942 967 1027 campo?
1059 958 1111 1008 660

101 1031 171 1096 Nec
194 1032 283 1117 passi
305 1033 409 1117 plura,
430 1033 465 1095 in
488 1033 594 1096 medio
618 1053 766 1098 sermone
788 1033 950 1115 loquentis

103 1118 156 1184 Sic
179 1121 259 1186 adeo
283 1121 452 1204 incipiunt.
488 1120 577 1203 prior
599 1121 679 1186 haec
703 1121 862 1206 genitoris
886 1120 1011 1204 imago:

102 1208 196 1293 ‘Ipsa
220 1210 351 1293 quidem
374 1209 479 1273 uirtus
503 1209 635 1273 sibimet
656 1209 874 1293 pulcherrima
896 1230 1035 1292 merces;

100 1297 204 1363 Dulce
228 1302 340 1362 tamen
361 1298 454 1362 uenit
477 1298 516 1360 ad
542 1297 655 1381 mauis,
678 1320 748 1362 cum
775 1299 881 1381 gloria
903 1297 991 1361 uitae

100 1385 208 1450 Durat
231 1387 315 1471 apud
339 1408 482 1470 superos,
504 1407 563 1450 nec
586 1386 685 1450 edunt
709 1386 832 1450 obliuia
855 1386 993 1450 laudem.
1059 1401 1111 1450 666

101 1474 225 1540 Uerum
250 1496 319 1560 age,
341 1475 421 1557 fare,
444 1475 539 1538 decus
562 1479 721 1557 nostrum,
744 1478 776 1538 te
801 1476 923 1557 quauta
945 1474 1063 1558 fatiget

102 1562 230 1627 Militia.
266 1564 339 1642 heu,
363 1563 514 1647 quotiens
537 1562 640 1626 intrat
662 1584 735 1626 mea
757 1569 889 1646 pectora
912 1567 1027 1645 terror,

102 1648 186 1715 Oum
208 1656 331 1737 repeto,
354 1674 451 1735 quam
475 1673 591 1715 saeuus
615 1672 679 1733 eas,
702 1650 759 1714 ubi
782 1672 901 1735 magna
923 1650 1046 1733 pericla

102 1737 307 1824 Contingunt
330 1740 407 1803 tibi!
440 1760 497 1821 per
519 1737 633 1821 nostri,
655 1738 844 1820 fortissime,
866 1738 925 1802 leti

102 1827 259 1893 Obtestor
282 1849 405 1911 causas,
427 1826 543 1891 Martis
567 1826 733 1891 moderare
756 1826 868 1890 furori.
1060 1842 1112 1892 670

103 1915 162 1980 Sat
185 1916 247 1979 tibi
271 1916 338 1980 siut
361 1916 554 1980 documenta
577 1915 705 1979 domus!
742 1918 860 1979 octaua
882 1914 1010 1978 terebat

101 2003 258 2069 Arentem
282 2004 397 2068 culmis
421 2026 559 2068 messem
583 2004 819 2088 crepitantibus
843 2007 961 2082 aeetae,

101 2093 152 2158 Ex
177 2114 239 2176 quo
264 2097 380 2157 cuncta
402 2092 484 2157 mihi
508 2093 631 2157 calcata
649 2113 784 2176 meoque
804 2093 934 2156 subibat

103 2180 267 2245 Germano
292 2181 413 2245 deuexa
436 2180 549 2266 iugum
567 2180 733 2245 Tartessia
754 2181 864 2245 tellus.

100 2269 171 2334 Nos
194 2271 331 2335 miserae
354 2292 464 2333 muros
489 2275 521 2333 et
543 2274 631 2333 tecta
653 2274 767 2334 renata
792 2267 948 2355 Sagunto,
1059 2285 1110 2334 676

100 2357 172 2423 Nos
197 2358 342 2423 dedimus
365 2357 501 2422 Baetem
524 2359 614 2423 nullo
638 2362 752 2441 potare
776 2359 835 2422 sub
859 2359 965 2443 boste3

101 2445 208 2511 Nobis
231 2447 409 2511 indomitus
433 2447 594 2510 conuertit
615 2451 728 2530 terque
753 2452 930 2532 quaterque

102 2534 284 2599 Germanus
312 2541 407 2620 terga
433 2535 640 2599 Hannibalis,
681 2558 740 2619 pro
769 2536 910 2599 barbara
936 2557 1111 2620 numquam

99 2621 280 2707 Impolluta
302 2623 396 2686 fides!
428 2628 573 2706 peterem
597 2646 669 2687 cum
694 2625 798 2688 uictor
821 2625 952 2687 adesum

102 2710 255 2776 Cladibus
278 2711 526 2794 Hasdrubalem,
550 2712 659 2775 subito
684 2714 807 2795 uenale,
831 2713 981 2776 cohortes
1061 2729 1113 2776 680

101 2799 278 2884 Hispanae,
300 2800 429 2884 uulguS,
451 2799 566 2882 Libyci
590 2821 668 2884 quas
692 2801 813 2864 fecerat
838 2802 908 2863 auri

99 2943 314 2959 *—

177 3031 229 3079 664
248 3025 324 3092 quod
343 3026 455 3080 stabant
474 3031 510 3077 ch
636 3032 687 3079 666
708 3041 824 3078 scaeuus
843 3027 887 3079 uel
911 3026 1006 3078 laeuus
1026 3027 1113 3081 Boibe

102 3101 156 3150 659
175 3097 257 3150 uobis
277 3100 320 3148 0V
347 3095 428 3149 nobis
446 3101 487 3147 Π
561 3102 609 3151 661
631 3095 770 3164 passimF
791 3127 823 3132 —
843 3098 937 3162 plures
956 3097 1048 3150 medio
1070 3104 1113 3163 ch,

101 3168 175 3222 urrde
192 3167 287 3235 plura,
307 3169 336 3220 et
353 3185 389 3220 m.
409 3167 543 3220 Heinsius
652 3173 703 3220 670
723 3182 807 3219 causa
827 3172 874 3231 ch,
903 3170 976 3220 uude
1000 3185 1113 3221 causam

102 3237 238 3292 Heinsius
263 3253 344 3291 casus
363 3237 498 3292 Schrader
516 3269 549 3276 —
569 3237 670 3291 sudore
689 3243 709 3287 F
801 3244 850 3290 671
872 3237 929 3290 sint
948 3244 983 3288 ch
1011 3244 1075 3292 suut
1095 3246 1112 3290 0

102 3314 155 3362 674
178 3307 276 3378 Iugum
294 3312 317 3360 V
344 3306 439 3378 lugam
459 3313 477 3359 0
502 3339 536 3347 —
559 3308 677 3361 tartesia
696 3314 738 3360 0V
865 3314 915 3362 676
939 3309 1050 3362 baetam
1074 3316 1113 3360 Lo

103 3379 219 3447 bactym
237 3384 259 3430 F
277 3379 371 3433 betem
390 3384 413 3432 V
486 3385 537 3433 681
556 3378 636 3432 libici
655 3385 697 3431 0V
717 3380 825 3446 libyaL
845 3378 949 3432 libiaF
969 3412 1003 3418 -
1023 3382 1081 3433 auri
1099 3388 1114 3431 s

104 3450 210 3518 Libyco
229 3480 263 3489 —
283 3465 351 3504 auro
374 3451 459 3518 culpo
487 3449 593 3518 Libyco
618 3468 687 3517 quas
712 3452 824 3517 ceperat
850 3467 917 3503 auro
937 3451 1071 3504 Schrader
1090 3458 1114 3504 ct

105 3521 235 3589 Ruperti,
250 3522 299 3590 qui
314 3526 339 3575 et
348 3521 455 3574 emerat
465 3523 533 3576 cori.
545 3519 650 3590 Libyae
661 3521 788 3589 (Libyam
799 3525 858 3590 uos)
869 3539 915 3588 qu.
926 3523 943 3577 f.
954 3540 1019 3574 auro
1032 3523 1115 3576 Bluss
