2438 3924
98 148 141 212 36
496 147 565 203 SlLI
583 147 719 202 ITALICI

99 311 266 377 Affluxere
290 312 387 377 etiam
414 316 446 376 et
469 310 560 375 sedes
583 333 719 396 posuero
743 313 874 376 coactas

98 401 249 486 Dispersi
271 401 389 486 pelago
413 407 490 483 post
514 404 606 464 eruta
627 399 787 484 Pergama
809 398 936 464 Teucri.

98 488 168 554 Neo
191 512 330 572 paruum
354 489 459 573 decus,
483 489 616 553 aduecto
641 511 713 553 cum
737 490 841 554 classe
863 491 1008 571 paterna

98 578 239 662 Agmine
264 577 494 661 Thespiadum,
516 578 622 660 terris,
645 577 744 660 lolai,
767 576 894 642 dedisti.

99 665 203 730 Fama
227 669 286 750 est,
310 687 382 732 cum
406 666 522 729 laceris
545 666 692 731 Actaeon
714 665 822 730 flebile
846 665 1008 730 membris
1070 685 1119 734 365

101 753 303 839 Supplicium
327 757 430 818 lueret
453 758 620 837 spectatae
642 755 677 818 in
699 755 791 819 fonte
814 753 951 832 Dianae,

98 842 288 908 Attonitum
310 843 458 907 nouitate
481 843 559 907 mali
581 842 703 928 fugisse
726 847 896 927 parentem

97 932 160 996 Per
183 931 268 996 freta
290 930 476 995 Aristaeum
502 937 534 995 et
559 929 699 996 Sardoos
722 932 788 996 isse
811 951 978 1014 recessus3

98 1018 248 1104 Cyrenen
270 1024 470 1084 monstrasse
492 1019 601 1084 ferunt
624 1042 711 1084 noua
734 1020 832 1084 litora
856 1021 1010 1086 matrem.

99 1106 292 1191 Serpentum
315 1108 414 1172 tellus
438 1131 520 1192 pura
543 1131 580 1174 ae
605 1109 739 1173 uiduata
762 1107 905 1190 uenenis,
1069 1128 1120 1176 370

100 1194 163 1261 Sed
186 1196 292 1261 tristis
315 1197 405 1261 caelo
430 1202 462 1260 et
485 1197 588 1261 multa
611 1197 728 1261 uitiata
750 1196 877 1282 palude.

99 1285 169 1360 Qua
191 1284 280 1349 uidet
302 1284 442 1367 ltaliam,
466 1307 582 1350 saxoso
606 1286 731 1351 torrida
754 1287 849 1350 dorso

96 1372 236 1438 Exercet
260 1374 401 1456 scopulis
426 1375 491 1438 late
513 1373 599 1439 freta
620 1374 807 1458 pallidaque
831 1374 920 1436 intus

96 1459 187 1526 Arua
209 1462 319 1546 coquit
340 1462 486 1543 nimium,
509 1461 635 1528 Cancro
656 1463 858 1526 fumantibus
881 1458 1030 1526 Austris.

98 1548 216 1614 Cetera
237 1572 420 1635 propensae
443 1550 569 1615 Cereris
591 1551 716 1615 nutrita
739 1551 858 1614 fauore.
1068 1569 1120 1618 375

141 1637 214 1703 Hoo
237 1640 352 1704 habitu
375 1643 481 1704 terrae
504 1662 679 1704 nemorosa
700 1660 759 1722 per
781 1638 870 1703 inuia
892 1638 1014 1704 crebro

99 1727 301 1811 Torquatum
326 1729 456 1792 eludens
479 1727 614 1811 Hostus,
639 1726 771 1792 Sidonia
792 1746 923 1810 pugnae

98 1813 180 1880 Tela
205 1818 398 1900 expectabat
420 1818 589 1901 sociosque
611 1816 734 1882 laboris
757 1815 909 1880 Hiberos.

98 1904 161 1979 Qui
183 1909 358 1989 postquam
383 1905 528 1988 appulsis
552 1905 678 1970 animos
703 1926 819 1970 auxere
843 1904 972 1988 carinis,

97 1992 195 2056 Haud
218 2014 323 2057 mora:
345 1994 529 2076 prorumpit
553 1994 702 2078 latebris3
726 1994 926 2076 aduersaque
949 1992 1023 2058 late
1068 2012 1119 2061 aso

97 2080 242 2165 Agmina
265 2080 502 2164 inhorrescunt,
526 2081 724 2166 longumque
747 2082 832 2146 coire
855 2080 988 2144 uidetur

97 2168 144 2232 Et
167 2168 312 2232 conferre
336 2168 482 2251 gradum.
520 2169 626 2233 media
648 2170 821 2234 interualla
844 2169 991 2253 patentis

99 2255 286 2340 Corripiunt
310 2256 416 2340 campi
439 2258 622 2340 properatis
647 2259 771 2323 eminus
794 2259 909 2340 hastis,

98 2345 211 2410 Donec
235 2345 276 2410 ad
301 2348 451 2428 expertos
476 2367 578 2430 enses,
600 2347 759 2411 fidissima
781 2347 857 2432 tela,

99 2435 305 2499 Peruentum.
344 2433 414 2498 dira
437 2434 512 2498 inde
530 2435 609 2520 lues,
628 2436 828 2519 caeduntque
847 2434 1036 2519 caduntque
1065 2453 1118 2503 385

101 2521 295 2606 Alternique
320 2522 444 2586 animas
468 2545 564 2588 saeuo
588 2524 623 2588 in
644 2546 797 2590 mucrone
820 2523 1019 2606 relinquunt.

145 2610 222 2677 Non
237 2610 384 2694 equidem
403 2612 590 2677 innumeras
610 2613 723 2677 caedes
742 2616 853 2697 totque
872 2610 1009 2676 horrida
1027 2614 1118 2680 facta

104 2698 268 2783 Sperarim
291 2702 386 2764 tanto
411 2700 506 2785 digne
529 2723 588 2785 pro
612 2702 743 2766 nomine
767 2722 874 2766 rerum

99 2788 244 2854 Pandere
267 2810 326 2854 nee
350 2787 446 2853 dictis
464 2789 646 2853 bellantum
671 2812 807 2875 aequare
832 2788 986 2854 calorem.

101 2876 164 2943 Sed
188 2900 256 2962 uon,
279 2876 437 2962 Calliope,
460 2881 572 2942 nostro
597 2878 715 2943 donate
738 2877 853 2961 labori,
1065 2897 1119 2946 390

171 3093 223 3141 362
243 3086 338 3142 diruta
356 3087 467 3142 Gronov
522 3092 575 3141 364
593 3086 648 3141 icle
662 3091 724 3139 3170
742 3086 805 3156 yole
819 3091 842 3137 7
898 3089 1120 3146 365ethccn1.

102 3159 220 3213 actaeon
234 3163 300 3210 Fov
341 3164 394 3212 363
413 3157 443 3211 in
457 3159 530 3213 deest
543 3159 605 3212 ins
646 3164 698 3212 369
718 3159 842 3227 Cyrenen
857 3162 880 3208 7
900 3156 1041 3224 cyrenem
1055 3166 1120 3215 1010

102 3232 154 3283 370
173 3243 206 3280 ac
223 3228 352 3299 uiduata]
371 3228 520 3283 inuiduata
539 3234 555 3280 Β
575 3259 609 3268 -
627 3229 729 3283 ueneni
747 3229 883 3282 Heinsius
966 3235 1020 3284 371
1041 3231 1121 3289 tristi

101 3299 236 3353 Heinsius
312 3304 365 3354 374
382 3299 570 3370 fumantibus]
590 3299 774 3354 candentibus
792 3300 914 3368 Ruperti
937 3299 1121 3361 sernentibus

101 3370 185 3424 Blcss
199 3401 233 3410 —
248 3370 331 3424 astris
345 3371 433 3426 Botlre
470 3377 521 3425 377
536 3370 640 3426 Hostus
655 3372 790 3427 Heinsius
807 3368 897 3424 hostis
912 3376 928 3422 3
944 3373 993 3440 (cf.
1008 3391 1040 3431 u.
1050 3379 1120 3444 403)

101 3446 153 3495 379
173 3439 223 3495 Oui
242 3440 377 3497 Heinsius
477 3446 530 3497 384
548 3445 671 3498 exsertos
689 3443 837 3499 Iiuincius
936 3447 990 3497 385
1011 3445 1078 3502 dira
1096 3452 1122 3504 et

101 3512 277 3580 caeduntque
297 3517 333 3564 ch
