2438 3924
138 167 181 232 64
534 164 603 220 SILI
620 164 754 220 ITALICI

133 329 237 394 Fama
258 328 346 393 tulit.
382 328 471 392 duris
495 349 690 412 quamquam
712 348 778 390 non
801 326 912 391 cedere
937 330 1056 410 suetus,

134 416 269 482 Pulsato
292 417 416 481 lacerat
437 416 599 480 uiolenter
621 419 751 498 pectore
776 416 922 479 amictus.

134 504 211 570 Non
235 506 370 570 comites
393 505 537 569 tenuisse
559 504 679 586 ualent,
702 525 768 568 non
790 504 876 568 ullus
899 504 1060 568 honorum
1093 519 1146 567 000

134 593 314 658 Militiaeue
337 593 449 678 pudor.
485 593 591 676 pietas
614 593 701 656 irata
723 593 864 656 sinistris

136 682 307 747 Caelicolis
329 682 411 746 furit
434 685 532 765 atque
555 680 623 745 odit
646 681 767 745 solatia
789 682 906 745 luctus.

136 770 271 855 Iamque
296 770 364 834 dies
386 771 569 852 iterumque
592 769 660 833 dies
684 771 857 854 absumpta
880 769 1029 853 querelis,

138 859 299 924 Uersatur
323 859 445 942 species
470 863 546 922 ante
569 880 627 922 ora
649 859 824 942 oculosque
846 864 1026 941 parentum.

136 947 227 1032 Ergo
251 947 357 1012 excire
379 952 474 1030 parat
497 946 601 1010 manis
625 947 813 1029 animasque
837 968 968 1011 suorum
1095 962 1148 1011 395

139 1034 358 1119 Alloquioque
381 1036 488 1099 uirum
510 1037 623 1098 tantos
643 1035 783 1098 mulcere
807 1034 943 1100 dolores.

139 1123 301 1188 Hortatur
323 1122 431 1187 uicina
453 1123 558 1207 palus,
580 1123 637 1186 ubi
661 1123 771 1207 signat
793 1123 917 1187 Auerni

140 1210 350 1296 squalentem
372 1211 542 1275 introitum
567 1215 723 1296 stagnans
745 1211 945 1276 Acherusius
967 1211 1094 1277 humor.

137 1298 281 1364 Noscere
300 1304 455 1364 uenturos
478 1301 585 1384 agitat
607 1322 696 1364 mens
719 1300 869 1384 protinus
893 1322 1004 1364 annos.

183 1385 237 1452 Sic
256 1387 297 1452 ad
315 1386 499 1472 Cymaeam,
517 1410 598 1472 quae
622 1392 694 1452 tum
717 1390 778 1452 sub
797 1389 928 1452 nomine
947 1388 1070 1455 Phoebi
1096 1405 1150 1454 400

138 1475 289 1540 Autonoe
312 1476 459 1560 tripodas
483 1499 593 1544 sacros
618 1481 812 1560 antrumque
835 1477 975 1561 tenebat,

137 1563 216 1630 Fert
240 1586 370 1650 gressus
394 1565 521 1629 iuuenis
545 1567 755 1650 consultaque
774 1566 916 1650 pectoris
940 1566 1029 1650 aegri

138 1652 257 1718 Pandit
281 1657 313 1717 et
337 1661 486 1736 aspectus
510 1657 583 1718 orat
606 1655 794 1739 contingere
816 1658 957 1738 patrum.

138 1740 209 1806 Nec
232 1746 384 1806 cunctata
402 1742 457 1806 diu
479 1745 585 1807 uates:
612 1741 772 1807 ‘Mactare
794 1743 934 1826 repostis

139 1828 214 1895 Mos
236 1830 383 1912 umbris,'
405 1829 716 1916 inquit„‘consueta
734 1830 862 1916 piacula
884 1831 997 1916 nigras
1096 1845 1152 1895 405

141 1916 208 1982 Sub
231 1920 338 1983 lucem
359 1920 497 2008 pecudes
520 1919 729 2003 reclusaeque
753 1919 870 1984 abdere
893 1923 1001 1983 terrae

140 2005 329 2071 Manantem
351 2007 473 2091 iugulis
498 2008 678 2090 spirantum
702 2007 798 2072 caede
822 2029 977 2072 cruorem.

142 2095 232 2158 Tunc
256 2096 393 2179 populos
417 2095 480 2158 tibi
504 2116 607 2180 regna
630 2117 706 2160 suos
729 2095 887 2178 pallentia
910 2095 1051 2161 mittent.

143 2180 267 2267 Cetera,
292 2203 374 2265 quae
397 2183 515 2266 poscis,
537 2183 654 2247 maiori
676 2187 753 2248 uate
775 2188 938 2247 canentur.

140 2269 291 2353 Namque
315 2270 376 2334 tibi
399 2269 515 2355 Elysio
538 2272 677 2354 repetita
700 2272 831 2336 oracula
853 2293 968 2354 campo
1099 2289 1154 2339 410

142 2358 284 2422 Eliciam
306 2358 491 2442 ueterisque
515 2358 599 2423 dabo
622 2359 709 2424 inter
732 2381 823 2424 sacra
846 2357 989 2444 Sibyllae

143 2445 281 2511 Cernere
299 2445 466 2512 fatidicam
488 2446 633 2512 Phoebei
655 2448 797 2532 pectoris
819 2450 978 2514 umbram.

142 2534 244 2618 Unde,
268 2555 327 2620 age
351 2538 394 2619 et,
417 2558 436 2600 a
459 2535 565 2600 medio
590 2558 663 2602 cum
686 2559 720 2602 se
742 2559 809 2602 nox
830 2538 964 2602 humida
987 2559 1082 2603 cursu

140 2620 293 2708 Flexerit,
316 2623 358 2687 ad
380 2626 489 2688 fauces
513 2626 611 2689 uicini
634 2630 743 2690 castus
765 2624 890 2691 Auerni

142 2710 215 2777 Duc
238 2712 404 2796 praedicta
428 2713 527 2777 sacris
551 2713 631 2778 duro
656 2716 838 2798 placamina
860 2714 939 2779 Diti.
1099 2732 1153 2781 415

142 2800 243 2866 Mella
266 2801 363 2866 simul
386 2806 493 2866 tecum
516 2804 550 2866 et
571 2803 646 2886 puri
667 2804 717 2867 fer
739 2805 826 2868 dona
847 2802 961 2888 Lyaei.
1031 2858 1033 2864 .

190 2890 262 2956 Hoc
286 2891 391 2956 alacer
414 2889 540 2954 monitu
563 2894 597 2954 et
618 2892 799 2974 promissae
821 2891 953 2956 nomine
976 2893 1070 2977 uatis,

143 2977 293 3064 Apparet
316 2979 442 3044 occulto
465 2982 647 3044 monstrata
668 2980 798 3064 piacula
820 2983 944 3065 coepto.

143 3136 357 3146 ———

216 3245 268 3294 089
291 3239 410 3295 Pulsata
427 3246 444 3293 0
551 3246 604 3294 300
622 3241 649 3294 0.
662 3258 690 3296 u.
704 3241 793 3297 Bothe
805 3247 871 3312 post
887 3260 916 3298 u.
930 3247 987 3298 396
1000 3243 1072 3313 poni
1089 3244 1154 3298 ault

143 3315 196 3364 400
216 3309 300 3364 Sedo
319 3341 353 3352 -
372 3311 523 3379 Cymaeam
534 3316 594 3363 t'hL
614 3312 776 3366 crimeamr
795 3313 972 3369 crineamov
991 3343 1025 3355 -
1039 3312 1155 3370 numine

144 3381 280 3436 Heinsius
369 3386 420 3435 401
439 3381 551 3436 Autone
572 3387 637 3436 Lov
669 3384 800 3439 Aotcnite
823 3391 844 3437 r
934 3390 987 3440 404
1010 3386 1155 3457 cunctata]

145 3454 310 3506 cunctans
381 3457 434 3507 400
453 3452 515 3508 Mos
534 3457 571 3506 ch
646 3459 699 3509 400
718 3453 788 3527 Sub]
808 3454 863 3511 Sed
882 3461 898 3508 S
917 3486 951 3496 -
970 3456 1074 3512 addere
1092 3462 1155 3510 tro

145 3521 270 3578 aderev
342 3528 395 3578 410
414 3523 544 3596 humida]
563 3523 660 3580 uiuida
678 3531 698 3578 1.
