2438 3924
150 163 214 229 146
552 161 618 218 SILI
635 160 768 217 ITALICI

149 325 355 410 Uiotimaque
379 324 529 389 admotae
553 323 666 388 stabat
688 323 833 388 subiecta
854 321 1003 408 bipenni,

150 413 232 479 Cum
255 415 363 478 subito
388 413 535 496 abruptis
558 411 686 496 fugiens
710 411 828 475 altaria
849 414 966 475 taurus

150 502 279 567 Exiluit
302 500 419 566 uinclis
443 501 634 585 mugituque
658 500 763 564 exeita
784 500 850 564 late
1123 516 1170 566 265

149 589 307 675 Impleuit
328 593 415 654 tecta
438 592 480 673 et,
502 588 635 653 fremitu
658 587 799 672 suspiria
821 607 921 652 rauco

150 677 400 764 Congeminans,
422 676 550 761 trepida
572 680 729 740 terrorem
752 676 873 760 sparsit
893 673 928 738 in
952 675 1041 742 aula

150 767 314 851 Uittaque,
337 767 496 831 maiorum
520 765 720 845 decoramen,
742 763 851 830 fronte
874 763 943 827 sine
967 763 1041 829 ullo

150 855 292 939 Delapsa
315 857 449 939 attactu,
471 852 608 918 nudauit
629 856 779 938 tempora
800 851 897 938 regis.

149 944 243 1009 Talia
267 942 437 1007 caelicolae
460 962 575 1006 casuro
598 940 707 1005 tristia
728 961 830 1024 regno
1122 957 1169 1008 uro

150 1030 250 1118 Signa
273 1031 403 1115 dabant,
427 1030 577 1114 saeuique
601 1028 736 1094 aderant
760 1029 874 1113 grauia
897 1026 1012 1092 omina
1034 1028 1112 1096 fati.

149 1119 244 1184 Hunc
266 1117 407 1183 fractum
430 1118 518 1182 bello
541 1136 652 1201 regem
675 1117 822 1203 solioque
844 1114 1027 1200 reuulsum,

148 1207 291 1290 Tempus
315 1207 385 1291 erit,
408 1228 481 1271 oum
503 1206 598 1270 ducet
621 1226 722 1292 agens
746 1205 788 1269 ad
809 1204 934 1289 templa
956 1202 1137 1292 Tonantis,

149 1293 212 1370 Qui
233 1299 311 1359 tune
335 1294 449 1360 orabat
472 1294 605 1359 socialia
627 1293 759 1358 foedera
782 1294 928 1378 supplex.

149 1384 211 1447 His
235 1384 316 1448 actis
339 1382 458 1466 repetit
480 1385 613 1467 portum
635 1402 823 1466 puppesque
846 1379 987 1445 secundo
1121 1398 1170 1449 27⁶

148 1471 217 1536 Dat
239 1475 337 1536 uento
362 1475 395 1535 et
416 1471 504 1535 notis
528 1469 633 1534 reddit
656 1492 690 1535 se
710 1468 819 1555 Scipio
843 1468 948 1533 terris.

193 1557 391 1625 Concurrere
414 1559 528 1623 auidae
551 1561 675 1643 gentes,
696 1559 870 1643 uariosque
893 1557 1035 1623 subacta

148 1647 274 1731 Pyrene
297 1647 388 1712 misit
409 1647 559 1731 populos.
596 1668 687 1710 mens
712 1646 863 1712 omnibus
886 1665 967 1730 una3

148 1735 331 1802 Concordes
355 1755 464 1820 regem
488 1734 656 1819 appellant
678 1754 852 1820 regemque
876 1732 1039 1818 salutant3

152 1823 282 1890 Scilicet
304 1824 391 1888 hunc
414 1845 576 1888 summum
599 1826 721 1888 norunt
743 1821 877 1887 uirtutis
900 1820 1073 1889 honorem.
1118 1840 1170 1891 28⁰

152 1911 223 1996 Sed,
246 1915 422 1996 postquam
445 1911 518 1975 miti
539 1910 652 1975 reiecit
673 1931 808 1976 munera
830 1911 932 1994 uultu,

148 2000 294 2065 Ausonio
317 2021 384 2064 non
407 1999 508 2085 digna
530 1999 610 2082 uiro,
633 1999 820 2084 patriosque
842 1997 989 2063 uicissim

149 2087 290 2153 Edocuit
312 2088 395 2152 ritus
420 2093 453 2150 et
474 2087 613 2152 Romam
635 2087 769 2152 nomina
791 2108 906 2172 regum

149 2172 349 2240 Monstrauit
370 2175 494 2239 nescire
517 2175 595 2259 pati,
619 2177 690 2239 tum
714 2197 827 2239 uersus
850 2176 885 2238 in
908 2194 1019 2259 unam,

150 2262 238 2338 Quae
261 2267 373 2345 restat,
397 2284 517 2347 euram,
539 2263 629 2327 nullo
654 2284 749 2347 super
772 2263 868 2328 hoste
890 2261 1017 2344 relicto,
1116 2280 1168 2333 sse

147 2349 194 2415 Et
216 2349 329 2415 Latios
353 2350 450 2415 simul
474 2353 508 2415 et
530 2352 665 2436 uulgum
688 2350 862 2436 Baetisque
885 2349 1036 2435 Tagique

149 2437 316 2504 Ocnuoeet
340 2460 377 2504 ac
401 2437 506 2503 medio
529 2439 564 2503 in
586 2443 679 2503 coetu
702 2439 749 2504 sic
771 2439 886 2504 deinde
906 2440 1075 2522 prelature

149 2526 300 2602 ‘Quando
323 2527 372 2592 ita
395 2527 586 2592 caelicolum
608 2527 703 2591 nobis
726 2549 888 2611 propensa
910 2525 1070 2593 uoluntas

150 2616 284 2698 Annuit,
308 2619 452 2681 extremo
475 2615 577 2699 Libys
600 2617 637 2678 ut
660 2614 801 2681 deiectus
824 2616 866 2681 ab
890 2614 969 2681 orbe

150 2702 219 2768 Aut
241 2704 293 2768 his
317 2703 477 2768 occideret
499 2702 632 2787 campis,
656 2708 720 2787 aut,
744 2725 803 2768 axe
825 2703 940 2769 relicto
1113 2718 1166 2771 m

148 2791 319 2877 Hesperio,
341 2791 464 2875 patrias
488 2791 561 2855 exul
584 2792 739 2856 lustraret
760 2791 913 2857 harenas:

220 3024 271 3073 aee
289 3016 389 3072 Exiliit
407 3021 451 3070 ov
539 3021 590 3071 ser
610 3015 815 3086 uongeminans
832 3014 985 3071 neuim
1000 3018 1029 3073 es
1048 3012 1167 3079 &m

149 3087 390 3159 congeminante
445 3092 497 3143 268
515 3085 655 3156 Uictaqne
674 3093 690 3139 s
710 3087 758 3156 (cf.
771 3103 799 3141 u.
813 3089 883 3155 241)
939 3088 993 3141 2¹12
1012 3084 1101 3145 Hono
1113 3092 1165 3159 Β,

147 3167 179 3215 ut
197 3162 266 3214 coci.
283 3159 393 3215 Gronov
420 3156 493 3213 Hinc
513 3163 548 3226 0,
576 3160 649 3228 quod
662 3159 742 3228 prob.
761 3156 881 3227 Ruperti
907 3155 961 3211 Hic
977 3160 1017 3225 V,
1038 3162 1074 3215 se
1090 3160 1167 3219 ωδ.

150 3231 299 3286 Mutunus
335 3234 386 3284 277
402 3229 570 3284 Concurrere
580 3235 617 3282 cn
652 3232 848 3284 acsmensnr
866 3243 903 3282 en
916 3231 960 3280 ov
995 3230 1168 3287 mmm

150 3300 347 3357 Drakenborch
413 3305 466 3355 286
485 3299 508 3354 E
522 3299 603 3354 Latio
619 3298 703 3353 simul
716 3299 746 3353 et
760 3314 786 3352 u.
802 3299 913 3355 Grorwv
927 3326 961 3339 -
974 3294 1165 3371 helique}

150 3371 298 3440 beatisque
315 3376 336 3423 r
363 3371 512 3439 bethisque
530 3375 573 3423 ov
593 3371 640 3438 (cf.
655 3387 682 3426 u.
698 3372 765 3437 196)
863 3373 917 3423 290
934 3366 1082 3427 ausimne
1096 3372 1172 3429 m·

138 3441 318 3568 &cideretr
337 3441 477 3497 excideret
490 3447 527 3493 ch
536 3443 616 3511 prob.
626 3440 761 3508 cheture
774 3439 909 3494 occiderit
921 3442 947 3495 et
962 3442 1017 3495 201

172 3529 280 3572 emm&
1101 3534 1128 3559 ·÷
